%YAML 1.1
%TAG !u! tag:unity3d.com,2011:
--- !u!4 &1981229015701640599 stripped
Transform:
  m_CorrespondingSourceObject: {fileID: 1796279895991515199, guid: 5681e596c7a7f4ce3924ecc9d533666a,
    type: 3}
  m_PrefabInstance: {fileID: 257574096515640744}
  m_PrefabAsset: {fileID: 0}
--- !u!4 &1981229014887711324 stripped
Transform:
  m_CorrespondingSourceObject: {fileID: 1796279895991515199, guid: 5681e596c7a7f4ce3924ecc9d533666a,
    type: 3}
  m_PrefabInstance: {fileID: 257574096255826531}
  m_PrefabAsset: {fileID: 0}
--- !u!4 &6944717137096936926 stripped
Transform:
  m_CorrespondingSourceObject: {fileID: 1796279895991515199, guid: 5681e596c7a7f4ce3924ecc9d533666a,
    type: 3}
  m_PrefabInstance: {fileID: 8686665765371573729}
  m_PrefabAsset: {fileID: 0}
--- !u!4 &1981229014699791806 stripped
Transform:
  m_CorrespondingSourceObject: {fileID: 1796279895991515199, guid: 5681e596c7a7f4ce3924ecc9d533666a,
    type: 3}
  m_PrefabInstance: {fileID: 257574097525878145}
  m_PrefabAsset: {fileID: 0}
--- !u!4 &1981229014019371364 stripped
Transform:
  m_CorrespondingSourceObject: {fileID: 1796279895991515199, guid: 5681e596c7a7f4ce3924ecc9d533666a,
    type: 3}
  m_PrefabInstance: {fileID: 257574097132554587}
  m_PrefabAsset: {fileID: 0}
--- !u!1 &257574097835066237
GameObject:
  m_ObjectHideFlags: 0
  m_CorrespondingSourceObject: {fileID: 0}
  m_PrefabInstance: {fileID: 0}
  m_PrefabAsset: {fileID: 0}
  serializedVersion: 6
  m_Component:
  - component: {fileID: 257574097835066226}
  m_Layer: 0
  m_Name: Posters
  m_TagString: Untagged
  m_Icon: {fileID: 0}
  m_NavMeshLayer: 0
  m_StaticEditorFlags: 0
  m_IsActive: 1
--- !u!4 &257574097835066226
Transform:
  m_ObjectHideFlags: 0
  m_CorrespondingSourceObject: {fileID: 0}
  m_PrefabInstance: {fileID: 0}
  m_PrefabAsset: {fileID: 0}
  m_GameObject: {fileID: 257574097835066237}
  m_LocalRotation: {x: 0, y: 0, z: 0, w: 1}
  m_LocalPosition: {x: 0, y: 0, z: 0}
  m_LocalScale: {x: 1, y: 1, z: 1}
  m_Children:
  - {fileID: 6944717137096936926}
  - {fileID: 1981229014699791806}
  - {fileID: 1981229014019371364}
  - {fileID: 1981229014887711324}
  - {fileID: 1981229015701640599}
  m_Father: {fileID: 0}
  m_RootOrder: 0
  m_LocalEulerAnglesHint: {x: 0, y: 0, z: 0}
--- !u!1001 &257574096255826531
PrefabInstance:
  m_ObjectHideFlags: 0
  serializedVersion: 2
  m_Modification:
    m_TransformParent: {fileID: 257574097835066226}
    m_Modifications:
    - target: {fileID: 1796279895991515199, guid: 5681e596c7a7f4ce3924ecc9d533666a,
        type: 3}
      propertyPath: m_LocalPosition.x
      value: -18.68
      objectReference: {fileID: 0}
    - target: {fileID: 1796279895991515199, guid: 5681e596c7a7f4ce3924ecc9d533666a,
        type: 3}
      propertyPath: m_LocalPosition.y
      value: 1.5
      objectReference: {fileID: 0}
    - target: {fileID: 1796279895991515199, guid: 5681e596c7a7f4ce3924ecc9d533666a,
        type: 3}
      propertyPath: m_LocalPosition.z
      value: -6.91
      objectReference: {fileID: 0}
    - target: {fileID: 1796279895991515199, guid: 5681e596c7a7f4ce3924ecc9d533666a,
        type: 3}
      propertyPath: m_LocalRotation.x
      value: 0
      objectReference: {fileID: 0}
    - target: {fileID: 1796279895991515199, guid: 5681e596c7a7f4ce3924ecc9d533666a,
        type: 3}
      propertyPath: m_LocalRotation.y
      value: 0.7071068
      objectReference: {fileID: 0}
    - target: {fileID: 1796279895991515199, guid: 5681e596c7a7f4ce3924ecc9d533666a,
        type: 3}
      propertyPath: m_LocalRotation.z
      value: 0
      objectReference: {fileID: 0}
    - target: {fileID: 1796279895991515199, guid: 5681e596c7a7f4ce3924ecc9d533666a,
        type: 3}
      propertyPath: m_LocalRotation.w
      value: 0.7071068
      objectReference: {fileID: 0}
    - target: {fileID: 1796279895991515199, guid: 5681e596c7a7f4ce3924ecc9d533666a,
        type: 3}
      propertyPath: m_RootOrder
      value: 3
      objectReference: {fileID: 0}
    - target: {fileID: 1796279895991515199, guid: 5681e596c7a7f4ce3924ecc9d533666a,
        type: 3}
      propertyPath: m_LocalEulerAnglesHint.x
      value: 0
      objectReference: {fileID: 0}
    - target: {fileID: 1796279895991515199, guid: 5681e596c7a7f4ce3924ecc9d533666a,
        type: 3}
      propertyPath: m_LocalEulerAnglesHint.y
      value: 90
      objectReference: {fileID: 0}
    - target: {fileID: 1796279895991515199, guid: 5681e596c7a7f4ce3924ecc9d533666a,
        type: 3}
      propertyPath: m_LocalEulerAnglesHint.z
      value: 0
      objectReference: {fileID: 0}
    - target: {fileID: 1245106637858960809, guid: 5681e596c7a7f4ce3924ecc9d533666a,
        type: 3}
      propertyPath: m_Name
      value: Poster1 (3)
      objectReference: {fileID: 0}
    - target: {fileID: 1796279895991515199, guid: 5681e596c7a7f4ce3924ecc9d533666a,
        type: 3}
      propertyPath: m_LocalScale.x
      value: 0.5087297
      objectReference: {fileID: 0}
    - target: {fileID: 1796279895991515199, guid: 5681e596c7a7f4ce3924ecc9d533666a,
        type: 3}
      propertyPath: m_LocalScale.y
      value: 0.5087297
      objectReference: {fileID: 0}
    - target: {fileID: 1796279895991515199, guid: 5681e596c7a7f4ce3924ecc9d533666a,
        type: 3}
      propertyPath: m_LocalScale.z
      value: 0.5087297
      objectReference: {fileID: 0}
    - target: {fileID: 8131850500385385597, guid: 5681e596c7a7f4ce3924ecc9d533666a,
        type: 3}
      propertyPath: m_Sprite
      value: 
      objectReference: {fileID: 21300000, guid: 6ddd77300d6c44a67b73c5c380f667b7,
        type: 3}
    m_RemovedComponents: []
  m_SourcePrefab: {fileID: 100100000, guid: 5681e596c7a7f4ce3924ecc9d533666a, type: 3}
--- !u!1001 &257574096515640744
PrefabInstance:
  m_ObjectHideFlags: 0
  serializedVersion: 2
  m_Modification:
    m_TransformParent: {fileID: 257574097835066226}
    m_Modifications:
    - target: {fileID: 1796279895991515199, guid: 5681e596c7a7f4ce3924ecc9d533666a,
        type: 3}
      propertyPath: m_LocalPosition.x
      value: -18.68
      objectReference: {fileID: 0}
    - target: {fileID: 1796279895991515199, guid: 5681e596c7a7f4ce3924ecc9d533666a,
        type: 3}
      propertyPath: m_LocalPosition.y
      value: 1.5
      objectReference: {fileID: 0}
    - target: {fileID: 1796279895991515199, guid: 5681e596c7a7f4ce3924ecc9d533666a,
        type: 3}
      propertyPath: m_LocalPosition.z
      value: -0.05
      objectReference: {fileID: 0}
    - target: {fileID: 1796279895991515199, guid: 5681e596c7a7f4ce3924ecc9d533666a,
        type: 3}
      propertyPath: m_LocalRotation.x
      value: -0
      objectReference: {fileID: 0}
    - target: {fileID: 1796279895991515199, guid: 5681e596c7a7f4ce3924ecc9d533666a,
        type: 3}
      propertyPath: m_LocalRotation.y
      value: 0.7071068
      objectReference: {fileID: 0}
    - target: {fileID: 1796279895991515199, guid: 5681e596c7a7f4ce3924ecc9d533666a,
        type: 3}
      propertyPath: m_LocalRotation.z
      value: -0
      objectReference: {fileID: 0}
    - target: {fileID: 1796279895991515199, guid: 5681e596c7a7f4ce3924ecc9d533666a,
        type: 3}
      propertyPath: m_LocalRotation.w
      value: 0.7071068
      objectReference: {fileID: 0}
    - target: {fileID: 1796279895991515199, guid: 5681e596c7a7f4ce3924ecc9d533666a,
        type: 3}
      propertyPath: m_RootOrder
      value: 4
      objectReference: {fileID: 0}
    - target: {fileID: 1796279895991515199, guid: 5681e596c7a7f4ce3924ecc9d533666a,
        type: 3}
      propertyPath: m_LocalEulerAnglesHint.x
      value: 0
      objectReference: {fileID: 0}
    - target: {fileID: 1796279895991515199, guid: 5681e596c7a7f4ce3924ecc9d533666a,
        type: 3}
      propertyPath: m_LocalEulerAnglesHint.y
      value: 90
      objectReference: {fileID: 0}
    - target: {fileID: 1796279895991515199, guid: 5681e596c7a7f4ce3924ecc9d533666a,
        type: 3}
      propertyPath: m_LocalEulerAnglesHint.z
      value: 0
      objectReference: {fileID: 0}
    - target: {fileID: 1245106637858960809, guid: 5681e596c7a7f4ce3924ecc9d533666a,
        type: 3}
      propertyPath: m_Name
      value: Poster1 (4)
      objectReference: {fileID: 0}
    - target: {fileID: 1796279895991515199, guid: 5681e596c7a7f4ce3924ecc9d533666a,
        type: 3}
      propertyPath: m_LocalScale.x
      value: 0.50873023
      objectReference: {fileID: 0}
    - target: {fileID: 1796279895991515199, guid: 5681e596c7a7f4ce3924ecc9d533666a,
        type: 3}
      propertyPath: m_LocalScale.y
      value: 0.50873
      objectReference: {fileID: 0}
    - target: {fileID: 1796279895991515199, guid: 5681e596c7a7f4ce3924ecc9d533666a,
        type: 3}
      propertyPath: m_LocalScale.z
      value: 0.50873023
      objectReference: {fileID: 0}
    - target: {fileID: 8131850500385385597, guid: 5681e596c7a7f4ce3924ecc9d533666a,
        type: 3}
      propertyPath: m_Sprite
      value: 
      objectReference: {fileID: 21300000, guid: e3f69dbb30a6f419094744b58458865c,
        type: 3}
    m_RemovedComponents: []
  m_SourcePrefab: {fileID: 100100000, guid: 5681e596c7a7f4ce3924ecc9d533666a, type: 3}
--- !u!1001 &257574097132554587
PrefabInstance:
  m_ObjectHideFlags: 0
  serializedVersion: 2
  m_Modification:
    m_TransformParent: {fileID: 257574097835066226}
    m_Modifications:
    - target: {fileID: 1796279895991515199, guid: 5681e596c7a7f4ce3924ecc9d533666a,
        type: 3}
      propertyPath: m_LocalPosition.x
      value: -0.87
      objectReference: {fileID: 0}
    - target: {fileID: 1796279895991515199, guid: 5681e596c7a7f4ce3924ecc9d533666a,
        type: 3}
      propertyPath: m_LocalPosition.y
      value: 1.48
      objectReference: {fileID: 0}
    - target: {fileID: 1796279895991515199, guid: 5681e596c7a7f4ce3924ecc9d533666a,
        type: 3}
      propertyPath: m_LocalPosition.z
      value: 9.8
      objectReference: {fileID: 0}
    - target: {fileID: 1796279895991515199, guid: 5681e596c7a7f4ce3924ecc9d533666a,
        type: 3}
      propertyPath: m_LocalRotation.x
      value: -0
      objectReference: {fileID: 0}
    - target: {fileID: 1796279895991515199, guid: 5681e596c7a7f4ce3924ecc9d533666a,
        type: 3}
      propertyPath: m_LocalRotation.y
      value: 1
      objectReference: {fileID: 0}
    - target: {fileID: 1796279895991515199, guid: 5681e596c7a7f4ce3924ecc9d533666a,
        type: 3}
      propertyPath: m_LocalRotation.z
      value: -0
      objectReference: {fileID: 0}
    - target: {fileID: 1796279895991515199, guid: 5681e596c7a7f4ce3924ecc9d533666a,
        type: 3}
      propertyPath: m_LocalRotation.w
      value: 0
      objectReference: {fileID: 0}
    - target: {fileID: 1796279895991515199, guid: 5681e596c7a7f4ce3924ecc9d533666a,
        type: 3}
      propertyPath: m_RootOrder
      value: 2
      objectReference: {fileID: 0}
    - target: {fileID: 1796279895991515199, guid: 5681e596c7a7f4ce3924ecc9d533666a,
        type: 3}
      propertyPath: m_LocalEulerAnglesHint.x
      value: 0
      objectReference: {fileID: 0}
    - target: {fileID: 1796279895991515199, guid: 5681e596c7a7f4ce3924ecc9d533666a,
        type: 3}
      propertyPath: m_LocalEulerAnglesHint.y
      value: 180
      objectReference: {fileID: 0}
    - target: {fileID: 1796279895991515199, guid: 5681e596c7a7f4ce3924ecc9d533666a,
        type: 3}
      propertyPath: m_LocalEulerAnglesHint.z
      value: 0
      objectReference: {fileID: 0}
    - target: {fileID: 1245106637858960809, guid: 5681e596c7a7f4ce3924ecc9d533666a,
        type: 3}
      propertyPath: m_Name
      value: Poster1 (2)
      objectReference: {fileID: 0}
    - target: {fileID: 1796279895991515199, guid: 5681e596c7a7f4ce3924ecc9d533666a,
        type: 3}
      propertyPath: m_LocalScale.x
      value: 0.49405
      objectReference: {fileID: 0}
    - target: {fileID: 1796279895991515199, guid: 5681e596c7a7f4ce3924ecc9d533666a,
        type: 3}
      propertyPath: m_LocalScale.y
      value: 0.49405
      objectReference: {fileID: 0}
    - target: {fileID: 1796279895991515199, guid: 5681e596c7a7f4ce3924ecc9d533666a,
        type: 3}
      propertyPath: m_LocalScale.z
      value: 0.49405
      objectReference: {fileID: 0}
    - target: {fileID: 8131850500385385597, guid: 5681e596c7a7f4ce3924ecc9d533666a,
        type: 3}
      propertyPath: m_Sprite
      value: 
      objectReference: {fileID: 21300000, guid: 6ddd77300d6c44a67b73c5c380f667b7,
        type: 3}
    m_RemovedComponents: []
  m_SourcePrefab: {fileID: 100100000, guid: 5681e596c7a7f4ce3924ecc9d533666a, type: 3}
--- !u!1001 &257574097525878145
PrefabInstance:
  m_ObjectHideFlags: 0
  serializedVersion: 2
  m_Modification:
    m_TransformParent: {fileID: 257574097835066226}
    m_Modifications:
    - target: {fileID: 1796279895991515199, guid: 5681e596c7a7f4ce3924ecc9d533666a,
        type: 3}
      propertyPath: m_LocalPosition.x
      value: 12.656
      objectReference: {fileID: 0}
    - target: {fileID: 1796279895991515199, guid: 5681e596c7a7f4ce3924ecc9d533666a,
        type: 3}
      propertyPath: m_LocalPosition.y
      value: 1.541
      objectReference: {fileID: 0}
    - target: {fileID: 1796279895991515199, guid: 5681e596c7a7f4ce3924ecc9d533666a,
        type: 3}
      propertyPath: m_LocalPosition.z
      value: 2.38
      objectReference: {fileID: 0}
    - target: {fileID: 1796279895991515199, guid: 5681e596c7a7f4ce3924ecc9d533666a,
        type: 3}
      propertyPath: m_LocalRotation.x
      value: 0
      objectReference: {fileID: 0}
    - target: {fileID: 1796279895991515199, guid: 5681e596c7a7f4ce3924ecc9d533666a,
        type: 3}
      propertyPath: m_LocalRotation.y
      value: 1
      objectReference: {fileID: 0}
    - target: {fileID: 1796279895991515199, guid: 5681e596c7a7f4ce3924ecc9d533666a,
        type: 3}
      propertyPath: m_LocalRotation.z
      value: 0
      objectReference: {fileID: 0}
    - target: {fileID: 1796279895991515199, guid: 5681e596c7a7f4ce3924ecc9d533666a,
        type: 3}
      propertyPath: m_LocalRotation.w
      value: 0
      objectReference: {fileID: 0}
    - target: {fileID: 1796279895991515199, guid: 5681e596c7a7f4ce3924ecc9d533666a,
        type: 3}
      propertyPath: m_RootOrder
      value: 1
      objectReference: {fileID: 0}
    - target: {fileID: 1796279895991515199, guid: 5681e596c7a7f4ce3924ecc9d533666a,
        type: 3}
      propertyPath: m_LocalEulerAnglesHint.x
      value: 0
      objectReference: {fileID: 0}
    - target: {fileID: 1796279895991515199, guid: 5681e596c7a7f4ce3924ecc9d533666a,
        type: 3}
      propertyPath: m_LocalEulerAnglesHint.y
      value: 180
      objectReference: {fileID: 0}
    - target: {fileID: 1796279895991515199, guid: 5681e596c7a7f4ce3924ecc9d533666a,
        type: 3}
      propertyPath: m_LocalEulerAnglesHint.z
      value: 0
      objectReference: {fileID: 0}
    - target: {fileID: 1245106637858960809, guid: 5681e596c7a7f4ce3924ecc9d533666a,
        type: 3}
      propertyPath: m_Name
      value: Poster1 (1)
      objectReference: {fileID: 0}
    - target: {fileID: 1796279895991515199, guid: 5681e596c7a7f4ce3924ecc9d533666a,
        type: 3}
      propertyPath: m_LocalScale.x
      value: 0.4940516
      objectReference: {fileID: 0}
    - target: {fileID: 1796279895991515199, guid: 5681e596c7a7f4ce3924ecc9d533666a,
        type: 3}
      propertyPath: m_LocalScale.y
      value: 0.4940516
      objectReference: {fileID: 0}
    - target: {fileID: 1796279895991515199, guid: 5681e596c7a7f4ce3924ecc9d533666a,
        type: 3}
      propertyPath: m_LocalScale.z
      value: 0.4940516
      objectReference: {fileID: 0}
    - target: {fileID: 8131850500385385597, guid: 5681e596c7a7f4ce3924ecc9d533666a,
        type: 3}
      propertyPath: m_Sprite
      value: 
      objectReference: {fileID: 21300000, guid: 4c5147191fa8941aeb53176921253287,
        type: 3}
    m_RemovedComponents: []
  m_SourcePrefab: {fileID: 100100000, guid: 5681e596c7a7f4ce3924ecc9d533666a, type: 3}
--- !u!1001 &8686665765371573729
PrefabInstance:
  m_ObjectHideFlags: 0
  serializedVersion: 2
  m_Modification:
    m_TransformParent: {fileID: 257574097835066226}
    m_Modifications:
    - target: {fileID: 1796279895991515199, guid: 5681e596c7a7f4ce3924ecc9d533666a,
        type: 3}
      propertyPath: m_LocalPosition.x
      value: 10.16
      objectReference: {fileID: 0}
    - target: {fileID: 1796279895991515199, guid: 5681e596c7a7f4ce3924ecc9d533666a,
        type: 3}
      propertyPath: m_LocalPosition.y
      value: 1.58
      objectReference: {fileID: 0}
    - target: {fileID: 1796279895991515199, guid: 5681e596c7a7f4ce3924ecc9d533666a,
        type: 3}
      propertyPath: m_LocalPosition.z
      value: -9.52
      objectReference: {fileID: 0}
    - target: {fileID: 1796279895991515199, guid: 5681e596c7a7f4ce3924ecc9d533666a,
        type: 3}
      propertyPath: m_LocalRotation.x
      value: 0
      objectReference: {fileID: 0}
    - target: {fileID: 1796279895991515199, guid: 5681e596c7a7f4ce3924ecc9d533666a,
        type: 3}
      propertyPath: m_LocalRotation.y
      value: 0
      objectReference: {fileID: 0}
    - target: {fileID: 1796279895991515199, guid: 5681e596c7a7f4ce3924ecc9d533666a,
        type: 3}
      propertyPath: m_LocalRotation.z
      value: 0
      objectReference: {fileID: 0}
    - target: {fileID: 1796279895991515199, guid: 5681e596c7a7f4ce3924ecc9d533666a,
        type: 3}
      propertyPath: m_LocalRotation.w
      value: 1
      objectReference: {fileID: 0}
    - target: {fileID: 1796279895991515199, guid: 5681e596c7a7f4ce3924ecc9d533666a,
        type: 3}
      propertyPath: m_RootOrder
      value: 0
      objectReference: {fileID: 0}
    - target: {fileID: 1796279895991515199, guid: 5681e596c7a7f4ce3924ecc9d533666a,
        type: 3}
      propertyPath: m_LocalEulerAnglesHint.x
      value: 0
      objectReference: {fileID: 0}
    - target: {fileID: 1796279895991515199, guid: 5681e596c7a7f4ce3924ecc9d533666a,
        type: 3}
      propertyPath: m_LocalEulerAnglesHint.y
      value: 0
      objectReference: {fileID: 0}
    - target: {fileID: 1796279895991515199, guid: 5681e596c7a7f4ce3924ecc9d533666a,
        type: 3}
      propertyPath: m_LocalEulerAnglesHint.z
      value: 0
      objectReference: {fileID: 0}
    - target: {fileID: 1245106637858960809, guid: 5681e596c7a7f4ce3924ecc9d533666a,
        type: 3}
      propertyPath: m_Name
      value: Poster1
      objectReference: {fileID: 0}
    m_RemovedComponents: []
  m_SourcePrefab: {fileID: 100100000, guid: 5681e596c7a7f4ce3924ecc9d533666a, type: 3}
