%YAML 1.1
%TAG !u! tag:unity3d.com,2011:
--- !u!1 &1001499938328068
GameObject:
  m_ObjectHideFlags: 0
  m_CorrespondingSourceObject: {fileID: 0}
  m_PrefabInstance: {fileID: 0}
  m_PrefabAsset: {fileID: 0}
  serializedVersion: 6
  m_Component:
  - component: {fileID: 224439856026267448}
  - component: {fileID: 114202658991714678}
  - component: {fileID: 222191819190029184}
  - component: {fileID: 114410355589369068}
  m_Layer: 5
  m_Name: Viewport
  m_TagString: Untagged
  m_Icon: {fileID: 0}
  m_NavMeshLayer: 0
  m_StaticEditorFlags: 0
  m_IsActive: 1
--- !u!224 &224439856026267448
RectTransform:
  m_ObjectHideFlags: 0
  m_CorrespondingSourceObject: {fileID: 0}
  m_PrefabInstance: {fileID: 0}
  m_PrefabAsset: {fileID: 0}
  m_GameObject: {fileID: 1001499938328068}
  m_LocalRotation: {x: 0, y: 0, z: 0, w: 1}
  m_LocalPosition: {x: 0, y: 0, z: 0}
  m_LocalScale: {x: 1, y: 1, z: 1}
  m_Children:
  - {fileID: 5695432012369884224}
  m_Father: {fileID: 5695432011088395458}
  m_RootOrder: 0
  m_LocalEulerAnglesHint: {x: 0, y: 0, z: 0}
  m_AnchorMin: {x: 0, y: 0}
  m_AnchorMax: {x: 1, y: 1}
  m_AnchoredPosition: {x: 0, y: 0}
  m_SizeDelta: {x: 0, y: 0}
  m_Pivot: {x: 0.5, y: 1}
--- !u!114 &114202658991714678
MonoBehaviour:
  m_ObjectHideFlags: 0
  m_CorrespondingSourceObject: {fileID: 0}
  m_PrefabInstance: {fileID: 0}
  m_PrefabAsset: {fileID: 0}
  m_GameObject: {fileID: 1001499938328068}
  m_Enabled: 1
  m_EditorHideFlags: 0
  m_Script: {fileID: -1200242548, guid: f70555f144d8491a825f0804e09c671c, type: 3}
  m_Name: 
  m_EditorClassIdentifier: 
  m_ShowMaskGraphic: 0
--- !u!222 &222191819190029184
CanvasRenderer:
  m_ObjectHideFlags: 0
  m_CorrespondingSourceObject: {fileID: 0}
  m_PrefabInstance: {fileID: 0}
  m_PrefabAsset: {fileID: 0}
  m_GameObject: {fileID: 1001499938328068}
  m_CullTransparentMesh: 0
--- !u!114 &114410355589369068
MonoBehaviour:
  m_ObjectHideFlags: 0
  m_CorrespondingSourceObject: {fileID: 0}
  m_PrefabInstance: {fileID: 0}
  m_PrefabAsset: {fileID: 0}
  m_GameObject: {fileID: 1001499938328068}
  m_Enabled: 1
  m_EditorHideFlags: 0
  m_Script: {fileID: -765806418, guid: f70555f144d8491a825f0804e09c671c, type: 3}
  m_Name: 
  m_EditorClassIdentifier: 
  m_Material: {fileID: 0}
  m_Color: {r: 1, g: 1, b: 1, a: 1}
  m_RaycastTarget: 1
  m_OnCullStateChanged:
    m_PersistentCalls:
      m_Calls: []
    m_TypeName: UnityEngine.UI.MaskableGraphic+CullStateChangedEvent, UnityEngine.UI,
      Version=1.0.0.0, Culture=neutral, PublicKeyToken=null
  m_Sprite: {fileID: 10917, guid: 0000000000000000f000000000000000, type: 0}
  m_Type: 1
  m_PreserveAspect: 0
  m_FillCenter: 1
  m_FillMethod: 4
  m_FillAmount: 1
  m_FillClockwise: 1
  m_FillOrigin: 0
  m_UseSpriteMesh: 0
--- !u!1 &1617590734272646
GameObject:
  m_ObjectHideFlags: 0
  m_CorrespondingSourceObject: {fileID: 0}
  m_PrefabInstance: {fileID: 0}
  m_PrefabAsset: {fileID: 0}
  serializedVersion: 6
  m_Component:
  - component: {fileID: 224532006229605072}
  - component: {fileID: 222104614465869608}
  - component: {fileID: 114653231900166424}
  - component: {fileID: 114570262474676072}
  - component: {fileID: 114771687344888134}
  m_Layer: 5
  m_Name: PanelPaint
  m_TagString: Untagged
  m_Icon: {fileID: 0}
  m_NavMeshLayer: 0
  m_StaticEditorFlags: 0
  m_IsActive: 0
--- !u!224 &224532006229605072
RectTransform:
  m_ObjectHideFlags: 0
  m_CorrespondingSourceObject: {fileID: 0}
  m_PrefabInstance: {fileID: 0}
  m_PrefabAsset: {fileID: 0}
  m_GameObject: {fileID: 1617590734272646}
  m_LocalRotation: {x: 0, y: 0, z: 0, w: 1}
  m_LocalPosition: {x: 0, y: 0, z: 0}
  m_LocalScale: {x: 0.9999406, y: 0.9999406, z: 0.9999406}
  m_Children:
  - {fileID: 5695432011088395458}
  - {fileID: 1649407384691461048}
  - {fileID: 3136951773557565092}
  - {fileID: 2120187645849115144}
  - {fileID: 224707762015025752}
  m_Father: {fileID: 0}
  m_RootOrder: 0
  m_LocalEulerAnglesHint: {x: 0, y: 0, z: 0}
  m_AnchorMin: {x: 0, y: 0}
  m_AnchorMax: {x: 1, y: 0.92}
  m_AnchoredPosition: {x: 0, y: 0}
  m_SizeDelta: {x: 0, y: 0}
  m_Pivot: {x: 0.5, y: 0.5}
--- !u!222 &222104614465869608
CanvasRenderer:
  m_ObjectHideFlags: 0
  m_CorrespondingSourceObject: {fileID: 0}
  m_PrefabInstance: {fileID: 0}
  m_PrefabAsset: {fileID: 0}
  m_GameObject: {fileID: 1617590734272646}
  m_CullTransparentMesh: 0
--- !u!114 &114653231900166424
MonoBehaviour:
  m_ObjectHideFlags: 0
  m_CorrespondingSourceObject: {fileID: 0}
  m_PrefabInstance: {fileID: 0}
  m_PrefabAsset: {fileID: 0}
  m_GameObject: {fileID: 1617590734272646}
  m_Enabled: 1
  m_EditorHideFlags: 0
  m_Script: {fileID: -765806418, guid: f70555f144d8491a825f0804e09c671c, type: 3}
  m_Name: 
  m_EditorClassIdentifier: 
  m_Material: {fileID: 0}
  m_Color: {r: 1, g: 1, b: 1, a: 1}
  m_RaycastTarget: 1
  m_OnCullStateChanged:
    m_PersistentCalls:
      m_Calls: []
    m_TypeName: UnityEngine.UI.MaskableGraphic+CullStateChangedEvent, UnityEngine.UI,
      Version=1.0.0.0, Culture=neutral, PublicKeyToken=null
  m_Sprite: {fileID: 21300000, guid: 74cefe20264324663923657d31659d17, type: 3}
  m_Type: 1
  m_PreserveAspect: 0
  m_FillCenter: 1
  m_FillMethod: 4
  m_FillAmount: 1
  m_FillClockwise: 1
  m_FillOrigin: 0
  m_UseSpriteMesh: 0
--- !u!114 &114570262474676072
MonoBehaviour:
  m_ObjectHideFlags: 0
  m_CorrespondingSourceObject: {fileID: 0}
  m_PrefabInstance: {fileID: 0}
  m_PrefabAsset: {fileID: 0}
  m_GameObject: {fileID: 1617590734272646}
  m_Enabled: 0
  m_EditorHideFlags: 0
  m_Script: {fileID: 1297475563, guid: f70555f144d8491a825f0804e09c671c, type: 3}
  m_Name: 
  m_EditorClassIdentifier: 
  m_Padding:
    m_Left: 15
    m_Right: 15
    m_Top: 15
    m_Bottom: 15
  m_ChildAlignment: 1
  m_Spacing: -0.69
  m_ChildForceExpandWidth: 1
  m_ChildForceExpandHeight: 1
  m_ChildControlWidth: 1
  m_ChildControlHeight: 1
--- !u!114 &114771687344888134
MonoBehaviour:
  m_ObjectHideFlags: 0
  m_CorrespondingSourceObject: {fileID: 0}
  m_PrefabInstance: {fileID: 0}
  m_PrefabAsset: {fileID: 0}
  m_GameObject: {fileID: 1617590734272646}
  m_Enabled: 1
  m_EditorHideFlags: 0
  m_Script: {fileID: 11500000, guid: 30bbf26746a8c4223929b5b4ea7a2a81, type: 3}
  m_Name: 
  m_EditorClassIdentifier: 
  elemPaint: {fileID: 1590901373424788, guid: 12ce7574585a74a1982ac5df4911b638, type: 3}
  elemPaintGroup: {fileID: 6553215267323078519, guid: 5b6190d1120bb4b45b82d8726b9d96dd,
    type: 3}
  elemPaintRetailer: {fileID: 8831153201804390546, guid: ed1f99f109706ab4fbcb9f06ab9a3562,
    type: 3}
  popupPaintBuy: {fileID: 0}
  PanelPaints: {fileID: 5695432011088395457}
  PanelPaintGroups: {fileID: 3415118282202599943}
  PanelPaintRetailers: {fileID: 6444065949206783736}
  containerPaint: {fileID: 5695432012369884224}
  containerPaintGroup: {fileID: 6068057729045932513}
  containerPaintRetailer: {fileID: 6680451076569795845}
  btnNavBarBack: {fileID: 0}
  elemLoader: {fileID: 893794425308291267}
--- !u!1 &1765527348680168
GameObject:
  m_ObjectHideFlags: 0
  m_CorrespondingSourceObject: {fileID: 0}
  m_PrefabInstance: {fileID: 0}
  m_PrefabAsset: {fileID: 0}
  serializedVersion: 6
  m_Component:
  - component: {fileID: 224707762015025752}
  - component: {fileID: 222126809684487384}
  - component: {fileID: 2578374640685474642}
  - component: {fileID: 6233218483846302644}
  m_Layer: 5
  m_Name: TmDnD
  m_TagString: Untagged
  m_Icon: {fileID: 0}
  m_NavMeshLayer: 0
  m_StaticEditorFlags: 0
  m_IsActive: 0
--- !u!224 &224707762015025752
RectTransform:
  m_ObjectHideFlags: 0
  m_CorrespondingSourceObject: {fileID: 0}
  m_PrefabInstance: {fileID: 0}
  m_PrefabAsset: {fileID: 0}
  m_GameObject: {fileID: 1765527348680168}
  m_LocalRotation: {x: -0, y: -0, z: -0, w: 1}
  m_LocalPosition: {x: 0, y: 0, z: 0}
  m_LocalScale: {x: 1.0001335, y: 1.0001335, z: 1.0001335}
  m_Children: []
  m_Father: {fileID: 224532006229605072}
  m_RootOrder: 4
  m_LocalEulerAnglesHint: {x: 0, y: 0, z: 0}
  m_AnchorMin: {x: 0, y: 1}
  m_AnchorMax: {x: 1, y: 1}
  m_AnchoredPosition: {x: 0, y: -30}
  m_SizeDelta: {x: -30, y: 50}
  m_Pivot: {x: 0.5, y: 0.5}
--- !u!222 &222126809684487384
CanvasRenderer:
  m_ObjectHideFlags: 0
  m_CorrespondingSourceObject: {fileID: 0}
  m_PrefabInstance: {fileID: 0}
  m_PrefabAsset: {fileID: 0}
  m_GameObject: {fileID: 1765527348680168}
  m_CullTransparentMesh: 0
--- !u!114 &2578374640685474642
MonoBehaviour:
  m_ObjectHideFlags: 0
  m_CorrespondingSourceObject: {fileID: 0}
  m_PrefabInstance: {fileID: 0}
  m_PrefabAsset: {fileID: 0}
  m_GameObject: {fileID: 1765527348680168}
  m_Enabled: 1
  m_EditorHideFlags: 0
  m_Script: {fileID: 11500000, guid: f4688fdb7df04437aeb418b961361dc5, type: 3}
  m_Name: 
  m_EditorClassIdentifier: 
  m_Material: {fileID: 0}
  m_Color: {r: 1, g: 1, b: 1, a: 1}
  m_RaycastTarget: 1
  m_OnCullStateChanged:
    m_PersistentCalls:
      m_Calls: []
    m_TypeName: UnityEngine.UI.MaskableGraphic+CullStateChangedEvent, UnityEngine.UI,
      Version=1.0.0.0, Culture=neutral, PublicKeyToken=null
  m_text: Hold and drag the paint on the wall to apply
  m_isRightToLeft: 0
  m_fontAsset: {fileID: 11400000, guid: 5add67f35e2a24780a4c1050d7d0f6e7, type: 2}
  m_sharedMaterial: {fileID: 21366152945595312, guid: 5add67f35e2a24780a4c1050d7d0f6e7,
    type: 2}
  m_fontSharedMaterials: []
  m_fontMaterial: {fileID: 0}
  m_fontMaterials: []
  m_fontColor32:
    serializedVersion: 2
    rgba: 4283124556
  m_fontColor: {r: 0.3018868, g: 0.2947668, b: 0.2947668, a: 1}
  m_enableVertexGradient: 0
  m_colorMode: 3
  m_fontColorGradient:
    topLeft: {r: 1, g: 1, b: 1, a: 1}
    topRight: {r: 1, g: 1, b: 1, a: 1}
    bottomLeft: {r: 1, g: 1, b: 1, a: 1}
    bottomRight: {r: 1, g: 1, b: 1, a: 1}
  m_fontColorGradientPreset: {fileID: 0}
  m_spriteAsset: {fileID: 0}
  m_tintAllSprites: 0
  m_overrideHtmlColors: 0
  m_faceColor:
    serializedVersion: 2
    rgba: 4294967295
  m_outlineColor:
    serializedVersion: 2
    rgba: 4278190080
  m_fontSize: 28
  m_fontSizeBase: 28
  m_fontWeight: 400
  m_enableAutoSizing: 0
  m_fontSizeMin: 18
  m_fontSizeMax: 72
  m_fontStyle: 0
  m_textAlignment: 514
  m_isAlignmentEnumConverted: 1
  m_characterSpacing: 0
  m_wordSpacing: 0
  m_lineSpacing: 0
  m_lineSpacingMax: 0
  m_paragraphSpacing: 0
  m_charWidthMaxAdj: 0
  m_enableWordWrapping: 0
  m_wordWrappingRatios: 0.4
  m_overflowMode: 1
  m_firstOverflowCharacterIndex: -1
  m_linkedTextComponent: {fileID: 0}
  m_isLinkedTextComponent: 0
  m_isTextTruncated: 0
  m_enableKerning: 1
  m_enableExtraPadding: 0
  checkPaddingRequired: 0
  m_isRichText: 1
  m_parseCtrlCharacters: 1
  m_isOrthographic: 1
  m_isCullingEnabled: 0
  m_ignoreRectMaskCulling: 0
  m_ignoreCulling: 1
  m_horizontalMapping: 0
  m_verticalMapping: 0
  m_uvLineOffset: 0
  m_geometrySortingOrder: 0
  m_firstVisibleCharacter: 0
  m_useMaxVisibleDescender: 1
  m_pageToDisplay: 1
  m_margin: {x: 0, y: 0, z: 0, w: 0}
  m_textInfo:
    textComponent: {fileID: 2578374640685474642}
    characterCount: 44
    spriteCount: 0
    spaceCount: 9
    wordCount: 10
    linkCount: 0
    lineCount: 1
    pageCount: 1
    materialCount: 1
  m_havePropertiesChanged: 1
  m_isUsingLegacyAnimationComponent: 0
  m_isVolumetricText: 0
  m_spriteAnimator: {fileID: 0}
  m_isInputParsingRequired: 0
  m_inputSource: 0
  m_hasFontAssetChanged: 0
  m_subTextObjects:
  - {fileID: 0}
  - {fileID: 0}
  - {fileID: 0}
  - {fileID: 0}
  - {fileID: 0}
  - {fileID: 0}
  - {fileID: 0}
  - {fileID: 0}
  m_baseMaterial: {fileID: 0}
  m_maskOffset: {x: 0, y: 0, z: 0, w: 0}
--- !u!114 &6233218483846302644
MonoBehaviour:
  m_ObjectHideFlags: 0
  m_CorrespondingSourceObject: {fileID: 0}
  m_PrefabInstance: {fileID: 0}
  m_PrefabAsset: {fileID: 0}
  m_GameObject: {fileID: 1765527348680168}
  m_Enabled: 1
  m_EditorHideFlags: 0
  m_Script: {fileID: 1679637790, guid: f70555f144d8491a825f0804e09c671c, type: 3}
  m_Name: 
  m_EditorClassIdentifier: 
  m_IgnoreLayout: 1
  m_MinWidth: -1
  m_MinHeight: -1
  m_PreferredWidth: -1
  m_PreferredHeight: -1
  m_FlexibleWidth: -1
  m_FlexibleHeight: -1
  m_LayoutPriority: 1
--- !u!1 &1842589834792061714
GameObject:
  m_ObjectHideFlags: 0
  m_CorrespondingSourceObject: {fileID: 0}
  m_PrefabInstance: {fileID: 0}
  m_PrefabAsset: {fileID: 0}
  serializedVersion: 6
  m_Component:
  - component: {fileID: 3244425184543288763}
  - component: {fileID: 7741342337363708125}
  - component: {fileID: 6679959027082605857}
  - component: {fileID: 2612331479456443320}
  m_Layer: 5
  m_Name: Viewport
  m_TagString: Untagged
  m_Icon: {fileID: 0}
  m_NavMeshLayer: 0
  m_StaticEditorFlags: 0
  m_IsActive: 1
--- !u!224 &3244425184543288763
RectTransform:
  m_ObjectHideFlags: 0
  m_CorrespondingSourceObject: {fileID: 0}
  m_PrefabInstance: {fileID: 0}
  m_PrefabAsset: {fileID: 0}
  m_GameObject: {fileID: 1842589834792061714}
  m_LocalRotation: {x: 0, y: 0, z: 0, w: 1}
  m_LocalPosition: {x: 0, y: 0, z: 0}
  m_LocalScale: {x: 1, y: 1, z: 1}
  m_Children:
  - {fileID: 6068057729045932513}
  m_Father: {fileID: 1649407384691461048}
  m_RootOrder: 0
  m_LocalEulerAnglesHint: {x: 0, y: 0, z: 0}
  m_AnchorMin: {x: 0, y: 0}
  m_AnchorMax: {x: 1, y: 1}
  m_AnchoredPosition: {x: 0, y: 0}
  m_SizeDelta: {x: 0, y: 0}
  m_Pivot: {x: 0.5, y: 1}
--- !u!114 &7741342337363708125
MonoBehaviour:
  m_ObjectHideFlags: 0
  m_CorrespondingSourceObject: {fileID: 0}
  m_PrefabInstance: {fileID: 0}
  m_PrefabAsset: {fileID: 0}
  m_GameObject: {fileID: 1842589834792061714}
  m_Enabled: 1
  m_EditorHideFlags: 0
  m_Script: {fileID: -1200242548, guid: f70555f144d8491a825f0804e09c671c, type: 3}
  m_Name: 
  m_EditorClassIdentifier: 
  m_ShowMaskGraphic: 0
--- !u!222 &6679959027082605857
CanvasRenderer:
  m_ObjectHideFlags: 0
  m_CorrespondingSourceObject: {fileID: 0}
  m_PrefabInstance: {fileID: 0}
  m_PrefabAsset: {fileID: 0}
  m_GameObject: {fileID: 1842589834792061714}
  m_CullTransparentMesh: 0
--- !u!114 &2612331479456443320
MonoBehaviour:
  m_ObjectHideFlags: 0
  m_CorrespondingSourceObject: {fileID: 0}
  m_PrefabInstance: {fileID: 0}
  m_PrefabAsset: {fileID: 0}
  m_GameObject: {fileID: 1842589834792061714}
  m_Enabled: 1
  m_EditorHideFlags: 0
  m_Script: {fileID: -765806418, guid: f70555f144d8491a825f0804e09c671c, type: 3}
  m_Name: 
  m_EditorClassIdentifier: 
  m_Material: {fileID: 0}
  m_Color: {r: 1, g: 1, b: 1, a: 1}
  m_RaycastTarget: 1
  m_OnCullStateChanged:
    m_PersistentCalls:
      m_Calls: []
    m_TypeName: UnityEngine.UI.MaskableGraphic+CullStateChangedEvent, UnityEngine.UI,
      Version=1.0.0.0, Culture=neutral, PublicKeyToken=null
  m_Sprite: {fileID: 10917, guid: 0000000000000000f000000000000000, type: 0}
  m_Type: 1
  m_PreserveAspect: 0
  m_FillCenter: 1
  m_FillMethod: 4
  m_FillAmount: 1
  m_FillClockwise: 1
  m_FillOrigin: 0
  m_UseSpriteMesh: 0
--- !u!1 &3415118282202599943
GameObject:
  m_ObjectHideFlags: 0
  m_CorrespondingSourceObject: {fileID: 0}
  m_PrefabInstance: {fileID: 0}
  m_PrefabAsset: {fileID: 0}
  serializedVersion: 6
  m_Component:
  - component: {fileID: 1649407384691461048}
  - component: {fileID: 7787332884713847742}
  - component: {fileID: 1150133116487464346}
  - component: {fileID: 6013623152403636560}
  m_Layer: 5
  m_Name: PaintsGroupScrollView
  m_TagString: Untagged
  m_Icon: {fileID: 0}
  m_NavMeshLayer: 0
  m_StaticEditorFlags: 0
  m_IsActive: 0
--- !u!224 &1649407384691461048
RectTransform:
  m_ObjectHideFlags: 0
  m_CorrespondingSourceObject: {fileID: 0}
  m_PrefabInstance: {fileID: 0}
  m_PrefabAsset: {fileID: 0}
  m_GameObject: {fileID: 3415118282202599943}
  m_LocalRotation: {x: -0, y: -0, z: -0, w: 1}
  m_LocalPosition: {x: 0, y: 0, z: 0}
  m_LocalScale: {x: 1, y: 1, z: 1}
  m_Children:
  - {fileID: 3244425184543288763}
  m_Father: {fileID: 224532006229605072}
  m_RootOrder: 1
  m_LocalEulerAnglesHint: {x: 0, y: 0, z: 0}
  m_AnchorMin: {x: 0, y: 0}
  m_AnchorMax: {x: 1, y: 1}
  m_AnchoredPosition: {x: 0, y: -15}
  m_SizeDelta: {x: -30, y: -30}
  m_Pivot: {x: 0.5, y: 1}
--- !u!114 &7787332884713847742
MonoBehaviour:
  m_ObjectHideFlags: 0
  m_CorrespondingSourceObject: {fileID: 0}
  m_PrefabInstance: {fileID: 0}
  m_PrefabAsset: {fileID: 0}
  m_GameObject: {fileID: 3415118282202599943}
  m_Enabled: 1
  m_EditorHideFlags: 0
  m_Script: {fileID: 1367256648, guid: f70555f144d8491a825f0804e09c671c, type: 3}
  m_Name: 
  m_EditorClassIdentifier: 
  m_Content: {fileID: 6068057729045932513}
  m_Horizontal: 0
  m_Vertical: 1
  m_MovementType: 1
  m_Elasticity: 0.1
  m_Inertia: 1
  m_DecelerationRate: 0.135
  m_ScrollSensitivity: 60
  m_Viewport: {fileID: 3244425184543288763}
  m_HorizontalScrollbar: {fileID: 0}
  m_VerticalScrollbar: {fileID: 0}
  m_HorizontalScrollbarVisibility: 2
  m_VerticalScrollbarVisibility: 2
  m_HorizontalScrollbarSpacing: -3
  m_VerticalScrollbarSpacing: -3
  m_OnValueChanged:
    m_PersistentCalls:
      m_Calls: []
    m_TypeName: UnityEngine.UI.ScrollRect+ScrollRectEvent, UnityEngine.UI, Version=1.0.0.0,
      Culture=neutral, PublicKeyToken=null
--- !u!222 &1150133116487464346
CanvasRenderer:
  m_ObjectHideFlags: 0
  m_CorrespondingSourceObject: {fileID: 0}
  m_PrefabInstance: {fileID: 0}
  m_PrefabAsset: {fileID: 0}
  m_GameObject: {fileID: 3415118282202599943}
  m_CullTransparentMesh: 1
--- !u!114 &6013623152403636560
MonoBehaviour:
  m_ObjectHideFlags: 0
  m_CorrespondingSourceObject: {fileID: 0}
  m_PrefabInstance: {fileID: 0}
  m_PrefabAsset: {fileID: 0}
  m_GameObject: {fileID: 3415118282202599943}
  m_Enabled: 0
  m_EditorHideFlags: 0
  m_Script: {fileID: -765806418, guid: f70555f144d8491a825f0804e09c671c, type: 3}
  m_Name: 
  m_EditorClassIdentifier: 
  m_Material: {fileID: 0}
  m_Color: {r: 0.6509804, g: 0.6509804, b: 0.6509804, a: 0.03529412}
  m_RaycastTarget: 1
  m_OnCullStateChanged:
    m_PersistentCalls:
      m_Calls: []
    m_TypeName: UnityEngine.UI.MaskableGraphic+CullStateChangedEvent, UnityEngine.UI,
      Version=1.0.0.0, Culture=neutral, PublicKeyToken=null
  m_Sprite: {fileID: 10907, guid: 0000000000000000f000000000000000, type: 0}
  m_Type: 1
  m_PreserveAspect: 0
  m_FillCenter: 1
  m_FillMethod: 4
  m_FillAmount: 1
  m_FillClockwise: 1
  m_FillOrigin: 0
  m_UseSpriteMesh: 0
--- !u!1 &5085913967584610364
GameObject:
  m_ObjectHideFlags: 0
  m_CorrespondingSourceObject: {fileID: 0}
  m_PrefabInstance: {fileID: 0}
  m_PrefabAsset: {fileID: 0}
  serializedVersion: 6
  m_Component:
  - component: {fileID: 6680451076569795845}
  - component: {fileID: 903591846811617940}
  - component: {fileID: 6396998452290778789}
  m_Layer: 5
  m_Name: ContentPaintRetailers
  m_TagString: Untagged
  m_Icon: {fileID: 0}
  m_NavMeshLayer: 0
  m_StaticEditorFlags: 0
  m_IsActive: 1
--- !u!224 &6680451076569795845
RectTransform:
  m_ObjectHideFlags: 0
  m_CorrespondingSourceObject: {fileID: 0}
  m_PrefabInstance: {fileID: 0}
  m_PrefabAsset: {fileID: 0}
  m_GameObject: {fileID: 5085913967584610364}
  m_LocalRotation: {x: 0, y: 0, z: 0, w: 1}
  m_LocalPosition: {x: 0, y: 0, z: 0}
  m_LocalScale: {x: 1, y: 1, z: 1}
  m_Children:
  - {fileID: 8194100449790589980}
  m_Father: {fileID: 7448867752277353696}
  m_RootOrder: 0
  m_LocalEulerAnglesHint: {x: 0, y: 0, z: 0}
  m_AnchorMin: {x: 0, y: 1}
  m_AnchorMax: {x: 1, y: 1}
  m_AnchoredPosition: {x: 0, y: -0.000052046078}
  m_SizeDelta: {x: 0, y: 235}
  m_Pivot: {x: 0.5, y: 1}
--- !u!114 &903591846811617940
MonoBehaviour:
  m_ObjectHideFlags: 0
  m_CorrespondingSourceObject: {fileID: 0}
  m_PrefabInstance: {fileID: 0}
  m_PrefabAsset: {fileID: 0}
  m_GameObject: {fileID: 5085913967584610364}
  m_Enabled: 1
  m_EditorHideFlags: 0
  m_Script: {fileID: -2095666955, guid: f70555f144d8491a825f0804e09c671c, type: 3}
  m_Name: 
  m_EditorClassIdentifier: 
  m_Padding:
    m_Left: 0
    m_Right: 0
    m_Top: 15
    m_Bottom: 0
  m_ChildAlignment: 1
  m_StartCorner: 0
  m_StartAxis: 0
  m_CellSize: {x: 220, y: 220}
  m_Spacing: {x: 50, y: 50}
  m_Constraint: 0
  m_ConstraintCount: 2
--- !u!114 &6396998452290778789
MonoBehaviour:
  m_ObjectHideFlags: 0
  m_CorrespondingSourceObject: {fileID: 0}
  m_PrefabInstance: {fileID: 0}
  m_PrefabAsset: {fileID: 0}
  m_GameObject: {fileID: 5085913967584610364}
  m_Enabled: 1
  m_EditorHideFlags: 0
  m_Script: {fileID: 1741964061, guid: f70555f144d8491a825f0804e09c671c, type: 3}
  m_Name: 
  m_EditorClassIdentifier: 
  m_HorizontalFit: 0
  m_VerticalFit: 2
--- !u!1 &5695432011088395457
GameObject:
  m_ObjectHideFlags: 0
  m_CorrespondingSourceObject: {fileID: 0}
  m_PrefabInstance: {fileID: 0}
  m_PrefabAsset: {fileID: 0}
  serializedVersion: 6
  m_Component:
  - component: {fileID: 5695432011088395458}
  - component: {fileID: 5695432011088395461}
  - component: {fileID: 5695432011088395460}
  - component: {fileID: 5695432011088395459}
  m_Layer: 5
  m_Name: PaintsScrollView
  m_TagString: Untagged
  m_Icon: {fileID: 0}
  m_NavMeshLayer: 0
  m_StaticEditorFlags: 0
  m_IsActive: 0
--- !u!224 &5695432011088395458
RectTransform:
  m_ObjectHideFlags: 0
  m_CorrespondingSourceObject: {fileID: 0}
  m_PrefabInstance: {fileID: 0}
  m_PrefabAsset: {fileID: 0}
  m_GameObject: {fileID: 5695432011088395457}
  m_LocalRotation: {x: -0, y: -0, z: -0, w: 1}
  m_LocalPosition: {x: 0, y: 0, z: 0}
  m_LocalScale: {x: 1, y: 1, z: 1}
  m_Children:
  - {fileID: 224439856026267448}
  m_Father: {fileID: 224532006229605072}
  m_RootOrder: 0
  m_LocalEulerAnglesHint: {x: 0, y: 0, z: 0}
  m_AnchorMin: {x: 0, y: 0}
  m_AnchorMax: {x: 1, y: 1}
  m_AnchoredPosition: {x: 0, y: -15}
  m_SizeDelta: {x: -30, y: -30}
  m_Pivot: {x: 0.5, y: 1}
--- !u!114 &5695432011088395461
MonoBehaviour:
  m_ObjectHideFlags: 0
  m_CorrespondingSourceObject: {fileID: 0}
  m_PrefabInstance: {fileID: 0}
  m_PrefabAsset: {fileID: 0}
  m_GameObject: {fileID: 5695432011088395457}
  m_Enabled: 1
  m_EditorHideFlags: 0
  m_Script: {fileID: 1367256648, guid: f70555f144d8491a825f0804e09c671c, type: 3}
  m_Name: 
  m_EditorClassIdentifier: 
  m_Content: {fileID: 5695432012369884224}
  m_Horizontal: 0
  m_Vertical: 1
  m_MovementType: 1
  m_Elasticity: 0.1
  m_Inertia: 1
  m_DecelerationRate: 0.135
  m_ScrollSensitivity: 60
  m_Viewport: {fileID: 224439856026267448}
  m_HorizontalScrollbar: {fileID: 0}
  m_VerticalScrollbar: {fileID: 0}
  m_HorizontalScrollbarVisibility: 2
  m_VerticalScrollbarVisibility: 2
  m_HorizontalScrollbarSpacing: -3
  m_VerticalScrollbarSpacing: -3
  m_OnValueChanged:
    m_PersistentCalls:
      m_Calls: []
    m_TypeName: UnityEngine.UI.ScrollRect+ScrollRectEvent, UnityEngine.UI, Version=1.0.0.0,
      Culture=neutral, PublicKeyToken=null
--- !u!222 &5695432011088395460
CanvasRenderer:
  m_ObjectHideFlags: 0
  m_CorrespondingSourceObject: {fileID: 0}
  m_PrefabInstance: {fileID: 0}
  m_PrefabAsset: {fileID: 0}
  m_GameObject: {fileID: 5695432011088395457}
  m_CullTransparentMesh: 1
--- !u!114 &5695432011088395459
MonoBehaviour:
  m_ObjectHideFlags: 0
  m_CorrespondingSourceObject: {fileID: 0}
  m_PrefabInstance: {fileID: 0}
  m_PrefabAsset: {fileID: 0}
  m_GameObject: {fileID: 5695432011088395457}
  m_Enabled: 0
  m_EditorHideFlags: 0
  m_Script: {fileID: -765806418, guid: f70555f144d8491a825f0804e09c671c, type: 3}
  m_Name: 
  m_EditorClassIdentifier: 
  m_Material: {fileID: 0}
  m_Color: {r: 0.6509804, g: 0.6509804, b: 0.6509804, a: 0.03529412}
  m_RaycastTarget: 1
  m_OnCullStateChanged:
    m_PersistentCalls:
      m_Calls: []
    m_TypeName: UnityEngine.UI.MaskableGraphic+CullStateChangedEvent, UnityEngine.UI,
      Version=1.0.0.0, Culture=neutral, PublicKeyToken=null
  m_Sprite: {fileID: 10907, guid: 0000000000000000f000000000000000, type: 0}
  m_Type: 1
  m_PreserveAspect: 0
  m_FillCenter: 1
  m_FillMethod: 4
  m_FillAmount: 1
  m_FillClockwise: 1
  m_FillOrigin: 0
  m_UseSpriteMesh: 0
--- !u!1 &5695432012369884255
GameObject:
  m_ObjectHideFlags: 0
  m_CorrespondingSourceObject: {fileID: 0}
  m_PrefabInstance: {fileID: 0}
  m_PrefabAsset: {fileID: 0}
  serializedVersion: 6
  m_Component:
  - component: {fileID: 5695432012369884224}
  - component: {fileID: 5695432012369884226}
  - component: {fileID: 5695432012369884225}
  m_Layer: 5
  m_Name: ContentPaint
  m_TagString: Untagged
  m_Icon: {fileID: 0}
  m_NavMeshLayer: 0
  m_StaticEditorFlags: 0
  m_IsActive: 1
--- !u!224 &5695432012369884224
RectTransform:
  m_ObjectHideFlags: 0
  m_CorrespondingSourceObject: {fileID: 0}
  m_PrefabInstance: {fileID: 0}
  m_PrefabAsset: {fileID: 0}
  m_GameObject: {fileID: 5695432012369884255}
  m_LocalRotation: {x: 0, y: 0, z: 0, w: 1}
  m_LocalPosition: {x: 0, y: 0, z: 0}
  m_LocalScale: {x: 1, y: 1, z: 1}
  m_Children:
  - {fileID: 22892195460796811}
  - {fileID: 9192423489143230546}
  m_Father: {fileID: 224439856026267448}
  m_RootOrder: 0
  m_LocalEulerAnglesHint: {x: 0, y: 0, z: 0}
  m_AnchorMin: {x: 0, y: 1}
  m_AnchorMax: {x: 1, y: 1}
  m_AnchoredPosition: {x: 0, y: -0.00009790501}
  m_SizeDelta: {x: 0, y: 215}
  m_Pivot: {x: 0.5, y: 1}
--- !u!114 &5695432012369884226
MonoBehaviour:
  m_ObjectHideFlags: 0
  m_CorrespondingSourceObject: {fileID: 0}
  m_PrefabInstance: {fileID: 0}
  m_PrefabAsset: {fileID: 0}
  m_GameObject: {fileID: 5695432012369884255}
  m_Enabled: 1
  m_EditorHideFlags: 0
  m_Script: {fileID: -2095666955, guid: f70555f144d8491a825f0804e09c671c, type: 3}
  m_Name: 
  m_EditorClassIdentifier: 
  m_Padding:
    m_Left: 15
    m_Right: 15
    m_Top: 15
    m_Bottom: 15
  m_ChildAlignment: 1
  m_StartCorner: 0
  m_StartAxis: 0
  m_CellSize: {x: 190, y: 230}
  m_Spacing: {x: 20, y: 50}
  m_Constraint: 0
  m_ConstraintCount: 2
--- !u!114 &5695432012369884225
MonoBehaviour:
  m_ObjectHideFlags: 0
  m_CorrespondingSourceObject: {fileID: 0}
  m_PrefabInstance: {fileID: 0}
  m_PrefabAsset: {fileID: 0}
  m_GameObject: {fileID: 5695432012369884255}
  m_Enabled: 1
  m_EditorHideFlags: 0
  m_Script: {fileID: 1741964061, guid: f70555f144d8491a825f0804e09c671c, type: 3}
  m_Name: 
  m_EditorClassIdentifier: 
  m_HorizontalFit: 0
  m_VerticalFit: 2
--- !u!1 &6444065949206783736
GameObject:
  m_ObjectHideFlags: 0
  m_CorrespondingSourceObject: {fileID: 0}
  m_PrefabInstance: {fileID: 0}
  m_PrefabAsset: {fileID: 0}
  serializedVersion: 6
  m_Component:
  - component: {fileID: 3136951773557565092}
  - component: {fileID: 6384575821079652290}
  - component: {fileID: 7899142440895377677}
  - component: {fileID: 4408928689573552694}
  m_Layer: 5
  m_Name: PaintsRetailerScrollView
  m_TagString: Untagged
  m_Icon: {fileID: 0}
  m_NavMeshLayer: 0
  m_StaticEditorFlags: 0
  m_IsActive: 0
--- !u!224 &3136951773557565092
RectTransform:
  m_ObjectHideFlags: 0
  m_CorrespondingSourceObject: {fileID: 0}
  m_PrefabInstance: {fileID: 0}
  m_PrefabAsset: {fileID: 0}
  m_GameObject: {fileID: 6444065949206783736}
  m_LocalRotation: {x: -0, y: -0, z: -0, w: 1}
  m_LocalPosition: {x: 0, y: 0, z: 0}
  m_LocalScale: {x: 1, y: 1, z: 1}
  m_Children:
  - {fileID: 7448867752277353696}
  m_Father: {fileID: 224532006229605072}
  m_RootOrder: 2
  m_LocalEulerAnglesHint: {x: 0, y: 0, z: 0}
  m_AnchorMin: {x: 0, y: 0}
  m_AnchorMax: {x: 1, y: 1}
  m_AnchoredPosition: {x: 0, y: -15}
  m_SizeDelta: {x: -30, y: -30}
  m_Pivot: {x: 0.5, y: 1}
--- !u!114 &6384575821079652290
MonoBehaviour:
  m_ObjectHideFlags: 0
  m_CorrespondingSourceObject: {fileID: 0}
  m_PrefabInstance: {fileID: 0}
  m_PrefabAsset: {fileID: 0}
  m_GameObject: {fileID: 6444065949206783736}
  m_Enabled: 1
  m_EditorHideFlags: 0
  m_Script: {fileID: 1367256648, guid: f70555f144d8491a825f0804e09c671c, type: 3}
  m_Name: 
  m_EditorClassIdentifier: 
  m_Content: {fileID: 6680451076569795845}
  m_Horizontal: 0
  m_Vertical: 1
  m_MovementType: 1
  m_Elasticity: 0.1
  m_Inertia: 1
  m_DecelerationRate: 0.135
  m_ScrollSensitivity: 60
  m_Viewport: {fileID: 7448867752277353696}
  m_HorizontalScrollbar: {fileID: 0}
  m_VerticalScrollbar: {fileID: 0}
  m_HorizontalScrollbarVisibility: 2
  m_VerticalScrollbarVisibility: 2
  m_HorizontalScrollbarSpacing: -3
  m_VerticalScrollbarSpacing: -3
  m_OnValueChanged:
    m_PersistentCalls:
      m_Calls: []
    m_TypeName: UnityEngine.UI.ScrollRect+ScrollRectEvent, UnityEngine.UI, Version=1.0.0.0,
      Culture=neutral, PublicKeyToken=null
--- !u!222 &7899142440895377677
CanvasRenderer:
  m_ObjectHideFlags: 0
  m_CorrespondingSourceObject: {fileID: 0}
  m_PrefabInstance: {fileID: 0}
  m_PrefabAsset: {fileID: 0}
  m_GameObject: {fileID: 6444065949206783736}
  m_CullTransparentMesh: 1
--- !u!114 &4408928689573552694
MonoBehaviour:
  m_ObjectHideFlags: 0
  m_CorrespondingSourceObject: {fileID: 0}
  m_PrefabInstance: {fileID: 0}
  m_PrefabAsset: {fileID: 0}
  m_GameObject: {fileID: 6444065949206783736}
  m_Enabled: 0
  m_EditorHideFlags: 0
  m_Script: {fileID: -765806418, guid: f70555f144d8491a825f0804e09c671c, type: 3}
  m_Name: 
  m_EditorClassIdentifier: 
  m_Material: {fileID: 0}
  m_Color: {r: 0.6509804, g: 0.6509804, b: 0.6509804, a: 0.03529412}
  m_RaycastTarget: 1
  m_OnCullStateChanged:
    m_PersistentCalls:
      m_Calls: []
    m_TypeName: UnityEngine.UI.MaskableGraphic+CullStateChangedEvent, UnityEngine.UI,
      Version=1.0.0.0, Culture=neutral, PublicKeyToken=null
  m_Sprite: {fileID: 10907, guid: 0000000000000000f000000000000000, type: 0}
  m_Type: 1
  m_PreserveAspect: 0
  m_FillCenter: 1
  m_FillMethod: 4
  m_FillAmount: 1
  m_FillClockwise: 1
  m_FillOrigin: 0
  m_UseSpriteMesh: 0
--- !u!1 &7662581697888381828
GameObject:
  m_ObjectHideFlags: 0
  m_CorrespondingSourceObject: {fileID: 0}
  m_PrefabInstance: {fileID: 0}
  m_PrefabAsset: {fileID: 0}
  serializedVersion: 6
  m_Component:
  - component: {fileID: 7448867752277353696}
  - component: {fileID: 9082575927148841999}
  - component: {fileID: 6882114675229931855}
  - component: {fileID: 5339591328724380307}
  m_Layer: 5
  m_Name: Viewport
  m_TagString: Untagged
  m_Icon: {fileID: 0}
  m_NavMeshLayer: 0
  m_StaticEditorFlags: 0
  m_IsActive: 1
--- !u!224 &7448867752277353696
RectTransform:
  m_ObjectHideFlags: 0
  m_CorrespondingSourceObject: {fileID: 0}
  m_PrefabInstance: {fileID: 0}
  m_PrefabAsset: {fileID: 0}
  m_GameObject: {fileID: 7662581697888381828}
  m_LocalRotation: {x: 0, y: 0, z: 0, w: 1}
  m_LocalPosition: {x: 0, y: 0, z: 0}
  m_LocalScale: {x: 1, y: 1, z: 1}
  m_Children:
  - {fileID: 6680451076569795845}
  m_Father: {fileID: 3136951773557565092}
  m_RootOrder: 0
  m_LocalEulerAnglesHint: {x: 0, y: 0, z: 0}
  m_AnchorMin: {x: 0, y: 0}
  m_AnchorMax: {x: 1, y: 1}
  m_AnchoredPosition: {x: 0, y: 0}
  m_SizeDelta: {x: 0, y: 0}
  m_Pivot: {x: 0.5, y: 1}
--- !u!114 &9082575927148841999
MonoBehaviour:
  m_ObjectHideFlags: 0
  m_CorrespondingSourceObject: {fileID: 0}
  m_PrefabInstance: {fileID: 0}
  m_PrefabAsset: {fileID: 0}
  m_GameObject: {fileID: 7662581697888381828}
  m_Enabled: 1
  m_EditorHideFlags: 0
  m_Script: {fileID: -1200242548, guid: f70555f144d8491a825f0804e09c671c, type: 3}
  m_Name: 
  m_EditorClassIdentifier: 
  m_ShowMaskGraphic: 0
--- !u!222 &6882114675229931855
CanvasRenderer:
  m_ObjectHideFlags: 0
  m_CorrespondingSourceObject: {fileID: 0}
  m_PrefabInstance: {fileID: 0}
  m_PrefabAsset: {fileID: 0}
  m_GameObject: {fileID: 7662581697888381828}
  m_CullTransparentMesh: 0
--- !u!114 &5339591328724380307
MonoBehaviour:
  m_ObjectHideFlags: 0
  m_CorrespondingSourceObject: {fileID: 0}
  m_PrefabInstance: {fileID: 0}
  m_PrefabAsset: {fileID: 0}
  m_GameObject: {fileID: 7662581697888381828}
  m_Enabled: 1
  m_EditorHideFlags: 0
  m_Script: {fileID: -765806418, guid: f70555f144d8491a825f0804e09c671c, type: 3}
  m_Name: 
  m_EditorClassIdentifier: 
  m_Material: {fileID: 0}
  m_Color: {r: 1, g: 1, b: 1, a: 1}
  m_RaycastTarget: 1
  m_OnCullStateChanged:
    m_PersistentCalls:
      m_Calls: []
    m_TypeName: UnityEngine.UI.MaskableGraphic+CullStateChangedEvent, UnityEngine.UI,
      Version=1.0.0.0, Culture=neutral, PublicKeyToken=null
  m_Sprite: {fileID: 10917, guid: 0000000000000000f000000000000000, type: 0}
  m_Type: 1
  m_PreserveAspect: 0
  m_FillCenter: 1
  m_FillMethod: 4
  m_FillAmount: 1
  m_FillClockwise: 1
  m_FillOrigin: 0
  m_UseSpriteMesh: 0
--- !u!1 &7911019675818440432
GameObject:
  m_ObjectHideFlags: 0
  m_CorrespondingSourceObject: {fileID: 0}
  m_PrefabInstance: {fileID: 0}
  m_PrefabAsset: {fileID: 0}
  serializedVersion: 6
  m_Component:
  - component: {fileID: 6068057729045932513}
  - component: {fileID: 2239393909400116329}
  - component: {fileID: 449428809206812126}
  m_Layer: 5
  m_Name: ContentPaintGroups
  m_TagString: Untagged
  m_Icon: {fileID: 0}
  m_NavMeshLayer: 0
  m_StaticEditorFlags: 0
  m_IsActive: 1
--- !u!224 &6068057729045932513
RectTransform:
  m_ObjectHideFlags: 0
  m_CorrespondingSourceObject: {fileID: 0}
  m_PrefabInstance: {fileID: 0}
  m_PrefabAsset: {fileID: 0}
  m_GameObject: {fileID: 7911019675818440432}
  m_LocalRotation: {x: 0, y: 0, z: 0, w: 1}
  m_LocalPosition: {x: 0, y: 0, z: 0}
  m_LocalScale: {x: 1, y: 1, z: 1}
  m_Children:
  - {fileID: 6374929637087635341}
  m_Father: {fileID: 3244425184543288763}
  m_RootOrder: 0
  m_LocalEulerAnglesHint: {x: 0, y: 0, z: 0}
  m_AnchorMin: {x: 0, y: 1}
  m_AnchorMax: {x: 1, y: 1}
  m_AnchoredPosition: {x: 0, y: -0.00007496319}
  m_SizeDelta: {x: 0, y: 110}
  m_Pivot: {x: 0.5, y: 1}
--- !u!114 &2239393909400116329
MonoBehaviour:
  m_ObjectHideFlags: 0
  m_CorrespondingSourceObject: {fileID: 0}
  m_PrefabInstance: {fileID: 0}
  m_PrefabAsset: {fileID: 0}
  m_GameObject: {fileID: 7911019675818440432}
  m_Enabled: 1
  m_EditorHideFlags: 0
  m_Script: {fileID: 1741964061, guid: f70555f144d8491a825f0804e09c671c, type: 3}
  m_Name: 
  m_EditorClassIdentifier: 
  m_HorizontalFit: 0
  m_VerticalFit: 2
--- !u!114 &449428809206812126
MonoBehaviour:
  m_ObjectHideFlags: 0
  m_CorrespondingSourceObject: {fileID: 0}
  m_PrefabInstance: {fileID: 0}
  m_PrefabAsset: {fileID: 0}
  m_GameObject: {fileID: 7911019675818440432}
  m_Enabled: 1
  m_EditorHideFlags: 0
  m_Script: {fileID: 1297475563, guid: f70555f144d8491a825f0804e09c671c, type: 3}
  m_Name: 
  m_EditorClassIdentifier: 
  m_Padding:
    m_Left: 15
    m_Right: 15
    m_Top: 15
    m_Bottom: 15
  m_ChildAlignment: 0
  m_Spacing: 15
  m_ChildForceExpandWidth: 1
  m_ChildForceExpandHeight: 0
  m_ChildControlWidth: 1
  m_ChildControlHeight: 1
--- !u!1001 &237158068766554661
PrefabInstance:
  m_ObjectHideFlags: 0
  serializedVersion: 2
  m_Modification:
    m_TransformParent: {fileID: 5695432012369884224}
    m_Modifications:
    - target: {fileID: 1590901373424788, guid: 12ce7574585a74a1982ac5df4911b638, type: 3}
      propertyPath: m_Name
      value: elemPaint
      objectReference: {fileID: 0}
    - target: {fileID: 224012666549791662, guid: 12ce7574585a74a1982ac5df4911b638,
        type: 3}
      propertyPath: m_LocalPosition.x
      value: 0
      objectReference: {fileID: 0}
    - target: {fileID: 224012666549791662, guid: 12ce7574585a74a1982ac5df4911b638,
        type: 3}
      propertyPath: m_LocalPosition.y
      value: 0
      objectReference: {fileID: 0}
    - target: {fileID: 224012666549791662, guid: 12ce7574585a74a1982ac5df4911b638,
        type: 3}
      propertyPath: m_LocalPosition.z
      value: 0
      objectReference: {fileID: 0}
    - target: {fileID: 224012666549791662, guid: 12ce7574585a74a1982ac5df4911b638,
        type: 3}
      propertyPath: m_LocalRotation.x
      value: 0
      objectReference: {fileID: 0}
    - target: {fileID: 224012666549791662, guid: 12ce7574585a74a1982ac5df4911b638,
        type: 3}
      propertyPath: m_LocalRotation.y
      value: 0
      objectReference: {fileID: 0}
    - target: {fileID: 224012666549791662, guid: 12ce7574585a74a1982ac5df4911b638,
        type: 3}
      propertyPath: m_LocalRotation.z
      value: 0
      objectReference: {fileID: 0}
    - target: {fileID: 224012666549791662, guid: 12ce7574585a74a1982ac5df4911b638,
        type: 3}
      propertyPath: m_LocalRotation.w
      value: 1
      objectReference: {fileID: 0}
    - target: {fileID: 224012666549791662, guid: 12ce7574585a74a1982ac5df4911b638,
        type: 3}
      propertyPath: m_RootOrder
      value: 0
      objectReference: {fileID: 0}
    - target: {fileID: 224012666549791662, guid: 12ce7574585a74a1982ac5df4911b638,
        type: 3}
      propertyPath: m_LocalEulerAnglesHint.x
      value: 0
      objectReference: {fileID: 0}
    - target: {fileID: 224012666549791662, guid: 12ce7574585a74a1982ac5df4911b638,
        type: 3}
      propertyPath: m_LocalEulerAnglesHint.y
      value: 0
      objectReference: {fileID: 0}
    - target: {fileID: 224012666549791662, guid: 12ce7574585a74a1982ac5df4911b638,
        type: 3}
      propertyPath: m_LocalEulerAnglesHint.z
      value: 0
      objectReference: {fileID: 0}
    - target: {fileID: 224012666549791662, guid: 12ce7574585a74a1982ac5df4911b638,
        type: 3}
      propertyPath: m_AnchoredPosition.x
      value: 37.079956
      objectReference: {fileID: 0}
    - target: {fileID: 224012666549791662, guid: 12ce7574585a74a1982ac5df4911b638,
        type: 3}
      propertyPath: m_AnchoredPosition.y
      value: -15
      objectReference: {fileID: 0}
    - target: {fileID: 224012666549791662, guid: 12ce7574585a74a1982ac5df4911b638,
        type: 3}
      propertyPath: m_SizeDelta.x
      value: 0
      objectReference: {fileID: 0}
    - target: {fileID: 224012666549791662, guid: 12ce7574585a74a1982ac5df4911b638,
        type: 3}
      propertyPath: m_SizeDelta.y
      value: 0
      objectReference: {fileID: 0}
    - target: {fileID: 224012666549791662, guid: 12ce7574585a74a1982ac5df4911b638,
        type: 3}
      propertyPath: m_AnchorMin.x
      value: 0
      objectReference: {fileID: 0}
    - target: {fileID: 224012666549791662, guid: 12ce7574585a74a1982ac5df4911b638,
        type: 3}
      propertyPath: m_AnchorMin.y
      value: 0
      objectReference: {fileID: 0}
    - target: {fileID: 224012666549791662, guid: 12ce7574585a74a1982ac5df4911b638,
        type: 3}
      propertyPath: m_AnchorMax.x
      value: 0
      objectReference: {fileID: 0}
    - target: {fileID: 224012666549791662, guid: 12ce7574585a74a1982ac5df4911b638,
        type: 3}
      propertyPath: m_AnchorMax.y
      value: 0
      objectReference: {fileID: 0}
    - target: {fileID: 224012666549791662, guid: 12ce7574585a74a1982ac5df4911b638,
        type: 3}
      propertyPath: m_Pivot.x
      value: 0
      objectReference: {fileID: 0}
    - target: {fileID: 224012666549791662, guid: 12ce7574585a74a1982ac5df4911b638,
        type: 3}
      propertyPath: m_Pivot.y
      value: 1
      objectReference: {fileID: 0}
    - target: {fileID: 711053385924696325, guid: 12ce7574585a74a1982ac5df4911b638,
        type: 3}
      propertyPath: m_AnchoredPosition.y
      value: -2.999878
      objectReference: {fileID: 0}
    - target: {fileID: 8125469777526183475, guid: 12ce7574585a74a1982ac5df4911b638,
        type: 3}
      propertyPath: m_AnchoredPosition.x
      value: 2.6899948
      objectReference: {fileID: 0}
    - target: {fileID: 8125469777526183475, guid: 12ce7574585a74a1982ac5df4911b638,
        type: 3}
      propertyPath: m_AnchoredPosition.y
      value: -2.999878
      objectReference: {fileID: 0}
    - target: {fileID: 7753923394224863525, guid: 12ce7574585a74a1982ac5df4911b638,
        type: 3}
      propertyPath: m_Enabled
      value: 0
      objectReference: {fileID: 0}
    - target: {fileID: 8234285374296573613, guid: 12ce7574585a74a1982ac5df4911b638,
        type: 3}
      propertyPath: m_fontAsset
      value: 
      objectReference: {fileID: 11400000, guid: 6b25e97bad13367438aab8075e96bc86,
        type: 2}
    - target: {fileID: 8234285374296573613, guid: 12ce7574585a74a1982ac5df4911b638,
        type: 3}
      propertyPath: m_sharedMaterial
      value: 
      objectReference: {fileID: 21301682541420268, guid: 6b25e97bad13367438aab8075e96bc86,
        type: 2}
    - target: {fileID: 8234285374296573613, guid: 12ce7574585a74a1982ac5df4911b638,
        type: 3}
      propertyPath: m_isInputParsingRequired
      value: 0
      objectReference: {fileID: 0}
    - target: {fileID: 3182325351815752573, guid: 12ce7574585a74a1982ac5df4911b638,
        type: 3}
      propertyPath: m_fontAsset
      value: 
      objectReference: {fileID: 11400000, guid: ec9a66c55cd474d11aedf1daaef4c729,
        type: 2}
    - target: {fileID: 3182325351815752573, guid: 12ce7574585a74a1982ac5df4911b638,
        type: 3}
      propertyPath: m_sharedMaterial
      value: 
      objectReference: {fileID: 21590626737840078, guid: ec9a66c55cd474d11aedf1daaef4c729,
        type: 2}
    - target: {fileID: 3182325351815752573, guid: 12ce7574585a74a1982ac5df4911b638,
        type: 3}
      propertyPath: m_fontSize
      value: 17
      objectReference: {fileID: 0}
    - target: {fileID: 3182325351815752573, guid: 12ce7574585a74a1982ac5df4911b638,
        type: 3}
      propertyPath: m_fontSizeBase
      value: 17
      objectReference: {fileID: 0}
    - target: {fileID: 3182325351815752573, guid: 12ce7574585a74a1982ac5df4911b638,
        type: 3}
      propertyPath: m_isInputParsingRequired
      value: 0
      objectReference: {fileID: 0}
    - target: {fileID: 8674130907209312244, guid: 12ce7574585a74a1982ac5df4911b638,
        type: 3}
      propertyPath: m_AnchoredPosition.x
      value: -0.000015258789
      objectReference: {fileID: 0}
    - target: {fileID: 8674130907209312244, guid: 12ce7574585a74a1982ac5df4911b638,
        type: 3}
      propertyPath: m_AnchoredPosition.y
      value: 3.75
      objectReference: {fileID: 0}
    - target: {fileID: 8674130907209312244, guid: 12ce7574585a74a1982ac5df4911b638,
        type: 3}
      propertyPath: m_SizeDelta.y
      value: -7.5
      objectReference: {fileID: 0}
    m_RemovedComponents: []
  m_SourcePrefab: {fileID: 100100000, guid: 12ce7574585a74a1982ac5df4911b638, type: 3}
--- !u!224 &22892195460796811 stripped
RectTransform:
  m_CorrespondingSourceObject: {fileID: 224012666549791662, guid: 12ce7574585a74a1982ac5df4911b638,
    type: 3}
  m_PrefabInstance: {fileID: 237158068766554661}
  m_PrefabAsset: {fileID: 0}
--- !u!1001 &3116216900219951160
PrefabInstance:
  m_ObjectHideFlags: 0
  serializedVersion: 2
  m_Modification:
    m_TransformParent: {fileID: 224532006229605072}
    m_Modifications:
    - target: {fileID: 2835125409552824571, guid: 6ff8d64eeea6d4387a1920a17cf131e8,
        type: 3}
      propertyPath: m_Name
      value: elemLoader
      objectReference: {fileID: 0}
    - target: {fileID: 3914593090453619248, guid: 6ff8d64eeea6d4387a1920a17cf131e8,
        type: 3}
      propertyPath: m_LocalPosition.x
      value: 0
      objectReference: {fileID: 0}
    - target: {fileID: 3914593090453619248, guid: 6ff8d64eeea6d4387a1920a17cf131e8,
        type: 3}
      propertyPath: m_LocalPosition.y
      value: 0
      objectReference: {fileID: 0}
    - target: {fileID: 3914593090453619248, guid: 6ff8d64eeea6d4387a1920a17cf131e8,
        type: 3}
      propertyPath: m_LocalPosition.z
      value: 0
      objectReference: {fileID: 0}
    - target: {fileID: 3914593090453619248, guid: 6ff8d64eeea6d4387a1920a17cf131e8,
        type: 3}
      propertyPath: m_LocalRotation.x
      value: -0
      objectReference: {fileID: 0}
    - target: {fileID: 3914593090453619248, guid: 6ff8d64eeea6d4387a1920a17cf131e8,
        type: 3}
      propertyPath: m_LocalRotation.y
      value: -0
      objectReference: {fileID: 0}
    - target: {fileID: 3914593090453619248, guid: 6ff8d64eeea6d4387a1920a17cf131e8,
        type: 3}
      propertyPath: m_LocalRotation.z
      value: -0
      objectReference: {fileID: 0}
    - target: {fileID: 3914593090453619248, guid: 6ff8d64eeea6d4387a1920a17cf131e8,
        type: 3}
      propertyPath: m_LocalRotation.w
      value: 1
      objectReference: {fileID: 0}
    - target: {fileID: 3914593090453619248, guid: 6ff8d64eeea6d4387a1920a17cf131e8,
        type: 3}
      propertyPath: m_RootOrder
      value: 3
      objectReference: {fileID: 0}
    - target: {fileID: 3914593090453619248, guid: 6ff8d64eeea6d4387a1920a17cf131e8,
        type: 3}
      propertyPath: m_LocalEulerAnglesHint.x
      value: 0
      objectReference: {fileID: 0}
    - target: {fileID: 3914593090453619248, guid: 6ff8d64eeea6d4387a1920a17cf131e8,
        type: 3}
      propertyPath: m_LocalEulerAnglesHint.y
      value: 0
      objectReference: {fileID: 0}
    - target: {fileID: 3914593090453619248, guid: 6ff8d64eeea6d4387a1920a17cf131e8,
        type: 3}
      propertyPath: m_LocalEulerAnglesHint.z
      value: 0
      objectReference: {fileID: 0}
    - target: {fileID: 3914593090453619248, guid: 6ff8d64eeea6d4387a1920a17cf131e8,
        type: 3}
      propertyPath: m_AnchoredPosition.x
      value: 0
      objectReference: {fileID: 0}
    - target: {fileID: 3914593090453619248, guid: 6ff8d64eeea6d4387a1920a17cf131e8,
        type: 3}
      propertyPath: m_AnchoredPosition.y
      value: 0
      objectReference: {fileID: 0}
    - target: {fileID: 3914593090453619248, guid: 6ff8d64eeea6d4387a1920a17cf131e8,
        type: 3}
      propertyPath: m_SizeDelta.x
      value: -3
      objectReference: {fileID: 0}
    - target: {fileID: 3914593090453619248, guid: 6ff8d64eeea6d4387a1920a17cf131e8,
        type: 3}
      propertyPath: m_SizeDelta.y
      value: -3
      objectReference: {fileID: 0}
    - target: {fileID: 3914593090453619248, guid: 6ff8d64eeea6d4387a1920a17cf131e8,
        type: 3}
      propertyPath: m_AnchorMin.x
      value: 0.45
      objectReference: {fileID: 0}
    - target: {fileID: 3914593090453619248, guid: 6ff8d64eeea6d4387a1920a17cf131e8,
        type: 3}
      propertyPath: m_AnchorMin.y
      value: 0.45
      objectReference: {fileID: 0}
    - target: {fileID: 3914593090453619248, guid: 6ff8d64eeea6d4387a1920a17cf131e8,
        type: 3}
      propertyPath: m_AnchorMax.x
      value: 0.55
      objectReference: {fileID: 0}
    - target: {fileID: 3914593090453619248, guid: 6ff8d64eeea6d4387a1920a17cf131e8,
        type: 3}
      propertyPath: m_AnchorMax.y
      value: 0.55
      objectReference: {fileID: 0}
    - target: {fileID: 3914593090453619248, guid: 6ff8d64eeea6d4387a1920a17cf131e8,
        type: 3}
      propertyPath: m_Pivot.x
      value: 0.5
      objectReference: {fileID: 0}
    - target: {fileID: 3914593090453619248, guid: 6ff8d64eeea6d4387a1920a17cf131e8,
        type: 3}
      propertyPath: m_Pivot.y
      value: 0.5
      objectReference: {fileID: 0}
    m_RemovedComponents: []
  m_SourcePrefab: {fileID: 100100000, guid: 6ff8d64eeea6d4387a1920a17cf131e8, type: 3}
--- !u!1 &893794425308291267 stripped
GameObject:
  m_CorrespondingSourceObject: {fileID: 2835125409552824571, guid: 6ff8d64eeea6d4387a1920a17cf131e8,
    type: 3}
  m_PrefabInstance: {fileID: 3116216900219951160}
  m_PrefabAsset: {fileID: 0}
--- !u!224 &2120187645849115144 stripped
RectTransform:
  m_CorrespondingSourceObject: {fileID: 3914593090453619248, guid: 6ff8d64eeea6d4387a1920a17cf131e8,
    type: 3}
  m_PrefabInstance: {fileID: 3116216900219951160}
  m_PrefabAsset: {fileID: 0}
--- !u!1001 &3934851143158528772
PrefabInstance:
  m_ObjectHideFlags: 0
  serializedVersion: 2
  m_Modification:
    m_TransformParent: {fileID: 6680451076569795845}
    m_Modifications:
    - target: {fileID: 8831153201804390546, guid: ed1f99f109706ab4fbcb9f06ab9a3562,
        type: 3}
      propertyPath: m_Name
      value: elemPaintRetailer
      objectReference: {fileID: 0}
    - target: {fileID: 5128523234716813080, guid: ed1f99f109706ab4fbcb9f06ab9a3562,
        type: 3}
      propertyPath: m_LocalPosition.x
      value: 0
      objectReference: {fileID: 0}
    - target: {fileID: 5128523234716813080, guid: ed1f99f109706ab4fbcb9f06ab9a3562,
        type: 3}
      propertyPath: m_LocalPosition.y
      value: 0
      objectReference: {fileID: 0}
    - target: {fileID: 5128523234716813080, guid: ed1f99f109706ab4fbcb9f06ab9a3562,
        type: 3}
      propertyPath: m_LocalPosition.z
      value: 0
      objectReference: {fileID: 0}
    - target: {fileID: 5128523234716813080, guid: ed1f99f109706ab4fbcb9f06ab9a3562,
        type: 3}
      propertyPath: m_LocalRotation.x
      value: 0
      objectReference: {fileID: 0}
    - target: {fileID: 5128523234716813080, guid: ed1f99f109706ab4fbcb9f06ab9a3562,
        type: 3}
      propertyPath: m_LocalRotation.y
      value: 0
      objectReference: {fileID: 0}
    - target: {fileID: 5128523234716813080, guid: ed1f99f109706ab4fbcb9f06ab9a3562,
        type: 3}
      propertyPath: m_LocalRotation.z
      value: 0
      objectReference: {fileID: 0}
    - target: {fileID: 5128523234716813080, guid: ed1f99f109706ab4fbcb9f06ab9a3562,
        type: 3}
      propertyPath: m_LocalRotation.w
      value: 1
      objectReference: {fileID: 0}
    - target: {fileID: 5128523234716813080, guid: ed1f99f109706ab4fbcb9f06ab9a3562,
        type: 3}
      propertyPath: m_RootOrder
      value: 0
      objectReference: {fileID: 0}
    - target: {fileID: 5128523234716813080, guid: ed1f99f109706ab4fbcb9f06ab9a3562,
        type: 3}
      propertyPath: m_LocalEulerAnglesHint.x
      value: 0
      objectReference: {fileID: 0}
    - target: {fileID: 5128523234716813080, guid: ed1f99f109706ab4fbcb9f06ab9a3562,
        type: 3}
      propertyPath: m_LocalEulerAnglesHint.y
      value: 0
      objectReference: {fileID: 0}
    - target: {fileID: 5128523234716813080, guid: ed1f99f109706ab4fbcb9f06ab9a3562,
        type: 3}
      propertyPath: m_LocalEulerAnglesHint.z
      value: 0
      objectReference: {fileID: 0}
    - target: {fileID: 5128523234716813080, guid: ed1f99f109706ab4fbcb9f06ab9a3562,
        type: 3}
      propertyPath: m_AnchoredPosition.x
      value: 222.07996
      objectReference: {fileID: 0}
    - target: {fileID: 5128523234716813080, guid: ed1f99f109706ab4fbcb9f06ab9a3562,
        type: 3}
      propertyPath: m_AnchoredPosition.y
      value: -125
      objectReference: {fileID: 0}
    - target: {fileID: 5128523234716813080, guid: ed1f99f109706ab4fbcb9f06ab9a3562,
        type: 3}
      propertyPath: m_SizeDelta.x
      value: 220
      objectReference: {fileID: 0}
    - target: {fileID: 5128523234716813080, guid: ed1f99f109706ab4fbcb9f06ab9a3562,
        type: 3}
      propertyPath: m_SizeDelta.y
      value: 220
      objectReference: {fileID: 0}
    - target: {fileID: 5128523234716813080, guid: ed1f99f109706ab4fbcb9f06ab9a3562,
        type: 3}
      propertyPath: m_AnchorMin.x
      value: 0
      objectReference: {fileID: 0}
    - target: {fileID: 5128523234716813080, guid: ed1f99f109706ab4fbcb9f06ab9a3562,
        type: 3}
      propertyPath: m_AnchorMin.y
      value: 1
      objectReference: {fileID: 0}
    - target: {fileID: 5128523234716813080, guid: ed1f99f109706ab4fbcb9f06ab9a3562,
        type: 3}
      propertyPath: m_AnchorMax.x
      value: 0
      objectReference: {fileID: 0}
    - target: {fileID: 5128523234716813080, guid: ed1f99f109706ab4fbcb9f06ab9a3562,
        type: 3}
      propertyPath: m_AnchorMax.y
      value: 1
      objectReference: {fileID: 0}
    - target: {fileID: 5128523234716813080, guid: ed1f99f109706ab4fbcb9f06ab9a3562,
        type: 3}
      propertyPath: m_Pivot.x
      value: 0.5
      objectReference: {fileID: 0}
    - target: {fileID: 5128523234716813080, guid: ed1f99f109706ab4fbcb9f06ab9a3562,
        type: 3}
      propertyPath: m_Pivot.y
      value: 0.5
      objectReference: {fileID: 0}
    m_RemovedComponents: []
  m_SourcePrefab: {fileID: 100100000, guid: ed1f99f109706ab4fbcb9f06ab9a3562, type: 3}
--- !u!224 &8194100449790589980 stripped
RectTransform:
  m_CorrespondingSourceObject: {fileID: 5128523234716813080, guid: ed1f99f109706ab4fbcb9f06ab9a3562,
    type: 3}
  m_PrefabInstance: {fileID: 3934851143158528772}
  m_PrefabAsset: {fileID: 0}
--- !u!1001 &6803688983089770721
PrefabInstance:
  m_ObjectHideFlags: 0
  serializedVersion: 2
  m_Modification:
    m_TransformParent: {fileID: 6068057729045932513}
    m_Modifications:
    - target: {fileID: 6553215267323078519, guid: 5b6190d1120bb4b45b82d8726b9d96dd,
        type: 3}
      propertyPath: m_Name
      value: elemPaintGroup
      objectReference: {fileID: 0}
    - target: {fileID: 437908747352414060, guid: 5b6190d1120bb4b45b82d8726b9d96dd,
        type: 3}
      propertyPath: m_LocalPosition.x
      value: 0
      objectReference: {fileID: 0}
    - target: {fileID: 437908747352414060, guid: 5b6190d1120bb4b45b82d8726b9d96dd,
        type: 3}
      propertyPath: m_LocalPosition.y
      value: 0
      objectReference: {fileID: 0}
    - target: {fileID: 437908747352414060, guid: 5b6190d1120bb4b45b82d8726b9d96dd,
        type: 3}
      propertyPath: m_LocalPosition.z
      value: 0
      objectReference: {fileID: 0}
    - target: {fileID: 437908747352414060, guid: 5b6190d1120bb4b45b82d8726b9d96dd,
        type: 3}
      propertyPath: m_LocalRotation.x
      value: 0
      objectReference: {fileID: 0}
    - target: {fileID: 437908747352414060, guid: 5b6190d1120bb4b45b82d8726b9d96dd,
        type: 3}
      propertyPath: m_LocalRotation.y
      value: 0
      objectReference: {fileID: 0}
    - target: {fileID: 437908747352414060, guid: 5b6190d1120bb4b45b82d8726b9d96dd,
        type: 3}
      propertyPath: m_LocalRotation.z
      value: 0
      objectReference: {fileID: 0}
    - target: {fileID: 437908747352414060, guid: 5b6190d1120bb4b45b82d8726b9d96dd,
        type: 3}
      propertyPath: m_LocalRotation.w
      value: 1
      objectReference: {fileID: 0}
    - target: {fileID: 437908747352414060, guid: 5b6190d1120bb4b45b82d8726b9d96dd,
        type: 3}
      propertyPath: m_RootOrder
      value: 0
      objectReference: {fileID: 0}
    - target: {fileID: 437908747352414060, guid: 5b6190d1120bb4b45b82d8726b9d96dd,
        type: 3}
      propertyPath: m_LocalEulerAnglesHint.x
      value: 0
      objectReference: {fileID: 0}
    - target: {fileID: 437908747352414060, guid: 5b6190d1120bb4b45b82d8726b9d96dd,
        type: 3}
      propertyPath: m_LocalEulerAnglesHint.y
      value: 0
      objectReference: {fileID: 0}
    - target: {fileID: 437908747352414060, guid: 5b6190d1120bb4b45b82d8726b9d96dd,
        type: 3}
      propertyPath: m_LocalEulerAnglesHint.z
      value: 0
      objectReference: {fileID: 0}
    - target: {fileID: 437908747352414060, guid: 5b6190d1120bb4b45b82d8726b9d96dd,
        type: 3}
      propertyPath: m_AnchoredPosition.x
      value: 945
      objectReference: {fileID: 0}
    - target: {fileID: 437908747352414060, guid: 5b6190d1120bb4b45b82d8726b9d96dd,
        type: 3}
      propertyPath: m_AnchoredPosition.y
      value: -55
      objectReference: {fileID: 0}
    - target: {fileID: 437908747352414060, guid: 5b6190d1120bb4b45b82d8726b9d96dd,
        type: 3}
      propertyPath: m_SizeDelta.x
      value: 1860
      objectReference: {fileID: 0}
    - target: {fileID: 437908747352414060, guid: 5b6190d1120bb4b45b82d8726b9d96dd,
        type: 3}
      propertyPath: m_SizeDelta.y
      value: 80
      objectReference: {fileID: 0}
    - target: {fileID: 437908747352414060, guid: 5b6190d1120bb4b45b82d8726b9d96dd,
        type: 3}
      propertyPath: m_AnchorMin.x
      value: 0
      objectReference: {fileID: 0}
    - target: {fileID: 437908747352414060, guid: 5b6190d1120bb4b45b82d8726b9d96dd,
        type: 3}
      propertyPath: m_AnchorMin.y
      value: 1
      objectReference: {fileID: 0}
    - target: {fileID: 437908747352414060, guid: 5b6190d1120bb4b45b82d8726b9d96dd,
        type: 3}
      propertyPath: m_AnchorMax.x
      value: 0
      objectReference: {fileID: 0}
    - target: {fileID: 437908747352414060, guid: 5b6190d1120bb4b45b82d8726b9d96dd,
        type: 3}
      propertyPath: m_AnchorMax.y
      value: 1
      objectReference: {fileID: 0}
    - target: {fileID: 437908747352414060, guid: 5b6190d1120bb4b45b82d8726b9d96dd,
        type: 3}
      propertyPath: m_Pivot.x
      value: 0.5
      objectReference: {fileID: 0}
    - target: {fileID: 437908747352414060, guid: 5b6190d1120bb4b45b82d8726b9d96dd,
        type: 3}
      propertyPath: m_Pivot.y
      value: 0.5
      objectReference: {fileID: 0}
    - target: {fileID: 6553731723073560742, guid: 5b6190d1120bb4b45b82d8726b9d96dd,
        type: 3}
      propertyPath: m_PreferredHeight
      value: 80
      objectReference: {fileID: 0}
    - target: {fileID: 1087778577711720328, guid: 5b6190d1120bb4b45b82d8726b9d96dd,
        type: 3}
      propertyPath: m_fontAsset
      value: 
      objectReference: {fileID: 11400000, guid: ec9a66c55cd474d11aedf1daaef4c729,
        type: 2}
    - target: {fileID: 1087778577711720328, guid: 5b6190d1120bb4b45b82d8726b9d96dd,
        type: 3}
      propertyPath: m_sharedMaterial
      value: 
      objectReference: {fileID: 21590626737840078, guid: ec9a66c55cd474d11aedf1daaef4c729,
        type: 2}
    - target: {fileID: 1087778577711720328, guid: 5b6190d1120bb4b45b82d8726b9d96dd,
        type: 3}
      propertyPath: m_isTextTruncated
      value: 0
      objectReference: {fileID: 0}
    - target: {fileID: 1087778577711720328, guid: 5b6190d1120bb4b45b82d8726b9d96dd,
        type: 3}
      propertyPath: m_textInfo.characterCount
      value: 9
      objectReference: {fileID: 0}
    - target: {fileID: 1087778577711720328, guid: 5b6190d1120bb4b45b82d8726b9d96dd,
        type: 3}
      propertyPath: m_textInfo.spaceCount
      value: 1
      objectReference: {fileID: 0}
    - target: {fileID: 1087778577711720328, guid: 5b6190d1120bb4b45b82d8726b9d96dd,
        type: 3}
      propertyPath: m_textInfo.wordCount
      value: 2
      objectReference: {fileID: 0}
    - target: {fileID: 1087778577711720328, guid: 5b6190d1120bb4b45b82d8726b9d96dd,
        type: 3}
      propertyPath: m_isInputParsingRequired
      value: 0
      objectReference: {fileID: 0}
    m_RemovedComponents: []
  m_SourcePrefab: {fileID: 100100000, guid: 5b6190d1120bb4b45b82d8726b9d96dd, type: 3}
--- !u!224 &6374929637087635341 stripped
RectTransform:
  m_CorrespondingSourceObject: {fileID: 437908747352414060, guid: 5b6190d1120bb4b45b82d8726b9d96dd,
    type: 3}
  m_PrefabInstance: {fileID: 6803688983089770721}
  m_PrefabAsset: {fileID: 0}
--- !u!1001 &8973939169226505212
PrefabInstance:
  m_ObjectHideFlags: 0
  serializedVersion: 2
  m_Modification:
    m_TransformParent: {fileID: 5695432012369884224}
    m_Modifications:
    - target: {fileID: 1590901373424788, guid: 12ce7574585a74a1982ac5df4911b638, type: 3}
      propertyPath: m_Name
      value: elemPaint (2)
      objectReference: {fileID: 0}
    - target: {fileID: 224012666549791662, guid: 12ce7574585a74a1982ac5df4911b638,
        type: 3}
      propertyPath: m_LocalPosition.x
      value: 0
      objectReference: {fileID: 0}
    - target: {fileID: 224012666549791662, guid: 12ce7574585a74a1982ac5df4911b638,
        type: 3}
      propertyPath: m_LocalPosition.y
      value: 0
      objectReference: {fileID: 0}
    - target: {fileID: 224012666549791662, guid: 12ce7574585a74a1982ac5df4911b638,
        type: 3}
      propertyPath: m_LocalPosition.z
      value: 0
      objectReference: {fileID: 0}
    - target: {fileID: 224012666549791662, guid: 12ce7574585a74a1982ac5df4911b638,
        type: 3}
      propertyPath: m_LocalRotation.x
      value: -0
      objectReference: {fileID: 0}
    - target: {fileID: 224012666549791662, guid: 12ce7574585a74a1982ac5df4911b638,
        type: 3}
      propertyPath: m_LocalRotation.y
      value: -0
      objectReference: {fileID: 0}
    - target: {fileID: 224012666549791662, guid: 12ce7574585a74a1982ac5df4911b638,
        type: 3}
      propertyPath: m_LocalRotation.z
      value: -0
      objectReference: {fileID: 0}
    - target: {fileID: 224012666549791662, guid: 12ce7574585a74a1982ac5df4911b638,
        type: 3}
      propertyPath: m_LocalRotation.w
      value: 1
      objectReference: {fileID: 0}
    - target: {fileID: 224012666549791662, guid: 12ce7574585a74a1982ac5df4911b638,
        type: 3}
      propertyPath: m_RootOrder
      value: 1
      objectReference: {fileID: 0}
    - target: {fileID: 224012666549791662, guid: 12ce7574585a74a1982ac5df4911b638,
        type: 3}
      propertyPath: m_LocalEulerAnglesHint.x
      value: 0
      objectReference: {fileID: 0}
    - target: {fileID: 224012666549791662, guid: 12ce7574585a74a1982ac5df4911b638,
        type: 3}
      propertyPath: m_LocalEulerAnglesHint.y
      value: 0
      objectReference: {fileID: 0}
    - target: {fileID: 224012666549791662, guid: 12ce7574585a74a1982ac5df4911b638,
        type: 3}
      propertyPath: m_LocalEulerAnglesHint.z
      value: 0
      objectReference: {fileID: 0}
    - target: {fileID: 224012666549791662, guid: 12ce7574585a74a1982ac5df4911b638,
        type: 3}
      propertyPath: m_AnchoredPosition.x
      value: 237.07996
      objectReference: {fileID: 0}
    - target: {fileID: 224012666549791662, guid: 12ce7574585a74a1982ac5df4911b638,
        type: 3}
      propertyPath: m_AnchoredPosition.y
      value: -15
      objectReference: {fileID: 0}
    - target: {fileID: 224012666549791662, guid: 12ce7574585a74a1982ac5df4911b638,
        type: 3}
      propertyPath: m_SizeDelta.x
      value: 0
      objectReference: {fileID: 0}
    - target: {fileID: 224012666549791662, guid: 12ce7574585a74a1982ac5df4911b638,
        type: 3}
      propertyPath: m_SizeDelta.y
      value: 0
      objectReference: {fileID: 0}
    - target: {fileID: 224012666549791662, guid: 12ce7574585a74a1982ac5df4911b638,
        type: 3}
      propertyPath: m_AnchorMin.x
      value: 0
      objectReference: {fileID: 0}
    - target: {fileID: 224012666549791662, guid: 12ce7574585a74a1982ac5df4911b638,
        type: 3}
      propertyPath: m_AnchorMin.y
      value: 0
      objectReference: {fileID: 0}
    - target: {fileID: 224012666549791662, guid: 12ce7574585a74a1982ac5df4911b638,
        type: 3}
      propertyPath: m_AnchorMax.x
      value: 0
      objectReference: {fileID: 0}
    - target: {fileID: 224012666549791662, guid: 12ce7574585a74a1982ac5df4911b638,
        type: 3}
      propertyPath: m_AnchorMax.y
      value: 0
      objectReference: {fileID: 0}
    - target: {fileID: 224012666549791662, guid: 12ce7574585a74a1982ac5df4911b638,
        type: 3}
      propertyPath: m_Pivot.x
      value: 0
      objectReference: {fileID: 0}
    - target: {fileID: 224012666549791662, guid: 12ce7574585a74a1982ac5df4911b638,
        type: 3}
      propertyPath: m_Pivot.y
      value: 1
      objectReference: {fileID: 0}
    - target: {fileID: 224012666549791662, guid: 12ce7574585a74a1982ac5df4911b638,
        type: 3}
      propertyPath: m_LocalScale.x
      value: 1.0000066
      objectReference: {fileID: 0}
    - target: {fileID: 224012666549791662, guid: 12ce7574585a74a1982ac5df4911b638,
        type: 3}
      propertyPath: m_LocalScale.y
      value: 1.0000066
      objectReference: {fileID: 0}
    - target: {fileID: 224012666549791662, guid: 12ce7574585a74a1982ac5df4911b638,
        type: 3}
      propertyPath: m_LocalScale.z
      value: 1.0000066
      objectReference: {fileID: 0}
    - target: {fileID: 711053385924696325, guid: 12ce7574585a74a1982ac5df4911b638,
        type: 3}
      propertyPath: m_AnchoredPosition.y
      value: -2.999878
      objectReference: {fileID: 0}
    - target: {fileID: 8125469777526183475, guid: 12ce7574585a74a1982ac5df4911b638,
        type: 3}
      propertyPath: m_AnchoredPosition.x
      value: 2.6899948
      objectReference: {fileID: 0}
    - target: {fileID: 8125469777526183475, guid: 12ce7574585a74a1982ac5df4911b638,
        type: 3}
      propertyPath: m_AnchoredPosition.y
      value: -2.999878
      objectReference: {fileID: 0}
    - target: {fileID: 7753923394224863525, guid: 12ce7574585a74a1982ac5df4911b638,
        type: 3}
      propertyPath: m_Enabled
      value: 0
      objectReference: {fileID: 0}
    - target: {fileID: 8234285374296573613, guid: 12ce7574585a74a1982ac5df4911b638,
        type: 3}
      propertyPath: m_fontAsset
      value: 
      objectReference: {fileID: 11400000, guid: 6b25e97bad13367438aab8075e96bc86,
        type: 2}
    - target: {fileID: 8234285374296573613, guid: 12ce7574585a74a1982ac5df4911b638,
        type: 3}
      propertyPath: m_sharedMaterial
      value: 
      objectReference: {fileID: 21301682541420268, guid: 6b25e97bad13367438aab8075e96bc86,
        type: 2}
    - target: {fileID: 8234285374296573613, guid: 12ce7574585a74a1982ac5df4911b638,
        type: 3}
      propertyPath: m_isInputParsingRequired
      value: 0
      objectReference: {fileID: 0}
    - target: {fileID: 3182325351815752573, guid: 12ce7574585a74a1982ac5df4911b638,
        type: 3}
      propertyPath: m_fontAsset
      value: 
      objectReference: {fileID: 11400000, guid: ec9a66c55cd474d11aedf1daaef4c729,
        type: 2}
    - target: {fileID: 3182325351815752573, guid: 12ce7574585a74a1982ac5df4911b638,
        type: 3}
      propertyPath: m_sharedMaterial
      value: 
      objectReference: {fileID: 21590626737840078, guid: ec9a66c55cd474d11aedf1daaef4c729,
        type: 2}
    - target: {fileID: 3182325351815752573, guid: 12ce7574585a74a1982ac5df4911b638,
        type: 3}
      propertyPath: m_isInputParsingRequired
      value: 0
      objectReference: {fileID: 0}
    m_RemovedComponents: []
  m_SourcePrefab: {fileID: 100100000, guid: 12ce7574585a74a1982ac5df4911b638, type: 3}
--- !u!224 &9192423489143230546 stripped
RectTransform:
  m_CorrespondingSourceObject: {fileID: 224012666549791662, guid: 12ce7574585a74a1982ac5df4911b638,
    type: 3}
  m_PrefabInstance: {fileID: 8973939169226505212}
  m_PrefabAsset: {fileID: 0}
